3110 5076
313 339 387 411 180
708 353 899 406 Parurnnorurr
912 349 1020 406 isaacu
1032 351 1093 405 lara.

310 519 473 614 quoddam
481 515 511 614 ¹)
532 546 653 618 corpus
669 525 818 595 unanime
833 546 905 596 cum
920 524 1077 595 Romania
1092 522 1199 594 eliecti
1214 546 1279 595 nno
1295 525 1415 618 capite,
1434 524 1498 596 boc

310 649 461 721 uidelicet
488 651 642 744 lmperio,
672 651 934 746 dispensandum.
963 645 1063 742 dliv)
1097 651 1144 721 sic
1170 651 1251 722 uniti
1278 659 1313 724 et
1340 652 1497 723 Romania

309 779 444 848 maxime
463 777 583 862 deuoti,
610 777 730 850 occulti
755 779 797 849 ob
825 777 996 870 cujusdam
1016 801 1123 849 rerum
1149 801 1316 850 excessum
1340 779 1498 850 Romania

308 906 404 977 alieni
430 907 537 977 effecti
563 914 649 977 sunt.
679 905 907 978 Verumtamen
927 905 1079 1001 quoniam
1102 905 1154 1000 pia
1178 913 1291 977 nostra
1311 907 1497 1002 tranquilli-

307 1037 376 1104 tate
404 1034 435 1104 in
464 1034 714 1128 progenitorum
743 1057 877 1104 suorum
908 1040 1038 1126 sceptra
1065 1033 1202 1104 Romani
1225 1035 1353 1129 Imperii
1383 1057 1404 1104 a
1433 1033 1497 1105 deo

306 1167 458 1254 promota
491 1160 637 1232 Venetici
676 1161 881 1233 dilectionem
922 1168 955 1232 et
996 1162 1161 1232 servitium
1192 1183 1273 1254 erga
1305 1161 1497 1232 Romaniam
1542 1151 1543 1154 ¹

307 1293 512 1358 sacramento
532 1309 691 1358 renovare
710 1287 894 1371 voluerunt,
914 1285 1078 1358 notificata
1099 1287 1130 1356 in
1150 1287 1379 1370 conventione,
1400 1311 1496 1382 quam

305 1413 445 1509 Imperio
465 1421 580 1486 nostro
600 1421 634 1486 et
652 1415 808 1486 Romania
828 1415 991 1498 lecerunt,
1012 1413 1151 1508 capitula
1171 1413 1352 1486 iuramento
1373 1438 1497 1486 corro-

305 1541 473 1626 borantes,
494 1541 663 1636 Imperium
680 1542 829 1637 equidem
845 1549 992 1614 nostrum
1007 1541 1047 1612 ad
1062 1565 1175 1612 corum
1189 1542 1368 1625 seruitium,
1388 1535 1496 1636 que⁸)

305 1669 366 1762 ipsi
391 1693 470 1762 sepe
495 1668 652 1740 Romanie
675 1671 840 1755 iecerunt,
869 1671 1053 1740 memoriam
1078 1669 1225 1752 veniens,
1253 1691 1311 1740 eos
1330 1691 1436 1761 usque
1464 1669 1497 1738 in

304 1796 401 1866 linem
426 1796 549 1866 alienos
575 1821 594 1868 a
619 1798 776 1869 Romania
800 1820 865 1868 non
891 1798 967 1868 fore
987 1797 1112 1891 justum
1138 1796 1311 1890 reputavit.
1340 1795 1497 1889 Suscepit

305 1928 413 2022 antem
432 1946 490 1993 cos
510 1925 646 2008 iterum,
676 1917 938 2016 misericordie⁴)
961 1925 1095 2018 januam
1113 1924 1278 2018 pandens,
1306 1947 1497 2018 corpusque

304 2040 441 2121 Romani
460 2051 661 2145 principatus
676 2051 718 2122 ad
732 2050 899 2145 pristinam
907 2051 1044 2146 'redegit
1058 2051 1293 2144 integritatem,
1313 2027 1496 2122 membrum

303 2177 376 2270 ejus
391 2184 589 2272 amputatum
604 2201 733 2250 rursum
745 2179 805 2274 ipsi
824 2179 1021 2274 adjungens.
1050 2177 1209 2265 Quoniam
1226 2199 1306 2248 uero
1325 2200 1495 2271 poposce-

304 2311 382 2376 runt
399 2311 545 2375 nostram
565 2305 811 2390 sublimitatem,
836 2311 994 2398 rogantes
1013 2304 1211 2377 orisobulnm
1235 2303 1313 2397 ipsis
1332 2305 1455 2375 lactum
1476 2329 1496 2376 a

303 2455 432 2526 semper
460 2434 547 2503 inter
576 2435 794 2526 imperatores
824 2433 1035 2506 memorando
1068 2438 1186 2528 patruo
1216 2431 1343 2524 lmperii
1373 2433 1495 2516 nostri,

304 2559 435 2630 domino
451 2560 597 2630 blanuele
612 2559 789 2644 Comnano,
810 2561 1005 2630 confirmans
1020 2557 1216 2652 obrysobula
1228 2557 1312 2650 ipsis
1332 2558 1495 2630 hactenns

303 2686 392 2758 facta
430 2687 648 2780 piissimorum
686 2711 880 2780 semperque
919 2685 1202 2757 memorandorum
1241 2684 1496 2777 Imperatorum,

304 2812 456 2884 uidelicet
474 2807 629 2908 proavi⁵)
655 2815 783 2908 lmperii
809 2816 913 2886 nostri
938 2815 1056 2885 domini
1077 2813 1176 2882 Alerii
1206 2817 1240 2881 et
1259 2813 1367 2906 magni
1387 2813 1496 2906 patrui

304 2939 423 3011 domini
433 2939 590 3012 lobannis
600 2941 851 3026 Comnanornm,
867 2941 1049 3012 confirmari
1070 2962 1142 3011 cum
1156 2940 1277 3010 ceteris
1296 2947 1331 3009 et
1345 2962 1363 3009 a
1378 2947 1495 3011 nostra

303 3063 492 3151 clementia,
518 3070 689 3162 Imperium
715 3076 881 3152 nostrum,
911 3075 946 3138 et
972 3068 1056 3140 banc
1083 3065 1347 3160 deprecationem
1375 3089 1493 3137 eornm

301 3194 498 3290 adimplens,
527 3197 696 3267 confirmat
725 3221 786 3290 per
814 3219 951 3290 presens
979 3193 1209 3288 chrysobolum
1238 3191 1370 3264 verbum
1395 3217 1493 3264 suum

302 3322 387 3393 idem
408 3346 521 3392 eorum
541 3323 763 3417 crysobulum,
785 3323 872 3418 quod
892 3323 1004 3416 sicque
1024 3313 1177 3414 babet⁶):

397 3449 467 3534 „Et
493 3451 620 3545 aliquis
649 3451 860 3545 firmioribus
887 3449 1080 3521 civitatibus
1103 3447 1340 3544 fortitudinem
1365 3447 1497 3520 addere

301 3578 417 3648 volcas
431 3577 596 3648 secundos
608 3581 812 3648 monitiones
832 3579 1043 3668 excapitavit,
1058 3585 1093 3646 et
1109 3575 1303 3646 camtodidua
1316 3575 1494 3647 custodibo

300 3709 473 3798 muriaque
490 3729 607 3775 maroa
621 3704 755 3799 offecit,
776 3715 808 3775 ct
825 3705 970 3775 boatium
985 3703 1164 3774 insultibus
1178 3707 1372 3797 fortissimo
1390 3727 1493 3798 oppo-

300 3835 390 3916 aoit;
409 3841 460 3902 aet
477 3841 510 3903 et
527 3835 609 3902 orari
619 3831 754 3927 pondua
770 3856 877 3925 prove
895 3831 998 3924 bojas
1014 3833 1127 3924 pratia
1143 3829 1344 3924 ecpcodcrc
1364 3841 1398 3899 ct
1411 3855 1493 3925 pcr-

297 3961 441 4052 fectioui
467 3959 617 4029 custodie
638 3959 813 4054 prolixius
841 3969 969 4052 tempos
997 3967 1123 4036 terere,
1156 3958 1286 4028 etalio
1312 3957 1419 4052 pluro
1446 3957 1496 4028 od

327 4297 354 4367 ¹)
375 4295 539 4367 quondam
559 4295 607 4349 bl‘.
944 4293 972 4366 ⁵)
993 4296 1047 4348 ari
1067 4295 1099 4348 ld.

325 4383 353 4458 ²)
372 4387 413 4439 At
431 4387 473 4440 ii?
945 4383 972 4456 ⁰)
992 4383 1047 4439 cfr.
1075 4385 1150 4440 buius
1172 4384 1343 4440 Collectionis
1367 4403 1422 4439 nro.
1448 4386 1493 4449 bl,

327 4474 354 4547 Β)
374 4477 459 4548 quod
478 4477 511 4530 m.
992 4477 1062 4546 quod
1085 4483 1126 4531 cst
1150 4475 1217 4530 idom
1241 4475 1436 4538 documentum,
1462 4483 1494 4532 at

324 4565 353 4642 ⁴)
373 4567 535 4624 memoria
554 4569 586 4624 ll.
991 4567 1041 4623 alia
1054 4567 1181 4623 versione.
