3130 5082
299 339 313 409 ¹
327 339 372 410 ¹2
623 347 859 404 Chersonessum!
873 347 1042 403 Eushustts
1055 348 1152 402 lunen.

293 521 407 592 semite
426 543 529 614 usque
548 519 702 592 adfinem
721 519 872 613 domicihj
892 519 957 590 sint
974 518 1105 591 brachia
1124 517 1237 614 viginti
1257 541 1324 589 sex.
1353 517 1474 589 Flecti-

292 655 348 719 tur
374 671 490 719 versus
519 649 694 732 orientem,
722 654 839 719 tenens
867 669 992 718 murum
1019 648 1159 720 ecclesie
1185 647 1288 718 sancti
1315 644 1475 726 Nicholai,

292 774 479 869 relinquens
497 797 517 844 a
535 775 657 868 dextris
676 775 803 870 quidem
817 776 1048 849 monasterium
1063 773 1166 846 sancti
1180 771 1341 855 Nicbolai,
1360 772 1476 844 asini·

293 904 370 974 stris
384 925 462 974 vero
476 901 668 974 domicilium
683 904 872 998 monasterij
891 902 1065 975 Pericleuti
1083 909 1118 974 et
1135 901 1353 998 progrediens
1372 923 1478 994 usqne

294 1031 335 1102 ad
353 1030 488 1102 alteram
506 1029 651 1101 semitam
671 1053 787 1101 uersus
806 1032 964 1101 orientem
983 1030 1064 1100 muri
1084 1029 1187 1100 sancti
1205 1027 1364 1098 Nicholai.
1393 1027 1479 1099 Rur-

294 1183 351 1230 sus
364 1157 507 1232 flectitur
521 1165 555 1228 et
568 1157 713 1229 ascendit
730 1181 905 1252 parumper
916 1181 1030 1229 versus
1045 1157 1211 1228 meridiem
1225 1155 1362 1226 eandem
1377 1157 1479 1227 semi-

295 1295 380 1371 tam,
414 1293 448 1358 et
475 1284 621 1358 ascendit
652 1307 770 1356 uersus
798 1287 974 1371 orientem,
1005 1283 1150 1356 dividens
1178 1283 1339 1355 domicilia
1372 1283 1490 1354 sancti.

296 1412 462 1498 Nicholai,
495 1436 514 1484 a
542 1413 681 1483 sinistris
708 1413 898 1507 pistoricum
928 1413 1144 1508 ergasterium
1171 1412 1275 1483 sancti
1308 1411 1479 1494 hlarciani,

297 1540 385 1634 qnod
412 1547 446 1612 et
469 1541 617 1634 junctum
646 1540 866 1611 mansionibus
894 1543 997 1612 suncti
1029 1539 1187 1614 Nicholai.
1221 1539 1482 1633 supergreditur

294 1689 409 1738 rursus
424 1665 517 1737 aliam
531 1667 658 1738 tertiam
674 1669 832 1749 semitam,
851 1675 885 1738 et
902 1668 1050 1762 pervenit
1062 1690 1167 1762 usque
1181 1667 1222 1737 ad
1236 1689 1319 1760 nque
1333 1689 1481 1751 cursum,

296 1817 361 1888 que
380 1817 398 1864 a
412 1793 506 1888 Vigla
522 1778 702 1880 descendit,
721 1795 908 1890 relinquens
923 1819 942 1866 n
957 1796 1077 1867 dextris
1097 1794 1157 1866 aliu
1177 1793 1359 1866 habitacula
1374 1795 1483 1864 sancti

296 1921 459 2005 Nicholai,
486 1923 661 1992 asinistris
681 1923 874 1994 domicilium
901 1925 1004 1996 sancti
1030 1923 1184 1995 llarciani
1213 1927 1247 1992 et
1270 1919 1484 2014 pensionnles

297 2049 413 2120 domos
438 2049 625 2142 monasterij
654 2049 930 2144 Parokymomcni.
966 2053 1086 2122 lterum
1116 2049 1331 2145 progreditur
1362 2071 1485 2120 uersus

297 2177 479 2260 meridiem,
513 2176 790 2270 comprehendens
818 2200 954 2248 vacuum
982 2177 1090 2250 locum
1118 2177 1261 2248 eiusdem
1289 2177 1483 2270 monasterii

297 2303 582 2399 Parahymomeni‚
611 2305 664 2398 qui
687 2326 805 2375 uersus
824 2305 981 2376 orientem
996 2306 1088 2400 jacet
1107 2305 1279 2376 domorum
1297 2303 1403 2374 sancti
1421 2301 1485 2374 Ni·

300 2431 423 2516 cholai‚
444 2439 478 2501 et
495 2431 647 2524 procedit
666 2441 700 2504 et
718 2431 906 2526 regreditur
924 2455 1028 2527 usque
1047 2432 1088 2504 ad
1107 2431 1245 2526 lliglam,
1271 2429 1359 2501 unde
1377 2437 1412 2502 et
1430 2430 1485 2501 in-

297 2559 396 2652 cepit,
417 2558 578 2630 dimittens
598 2558 725 2653 quidem
740 2583 758 2630 a
772 2559 894 2630 dextris
907 2561 1023 2631 domos
1042 2560 1230 2653 monasterij
1251 2557 1355 2630 sancti
1369 2559 1485 2644 hlarci,

298 2709 316 2756 a
335 2686 473 2757 sinistris
491 2708 573 2755 uero
591 2707 675 2777 eque
694 2709 835 2755 cursum.

387 2811 553 2882 Eiusmodi
573 2811 850 2884 determinationis
869 2815 974 2905 spatio
994 2813 1314 2908 comprehenduntur
1334 2835 1391 2897 ea,
1419 2837 1488 2906 que

299 2947 375 3012 sunt
392 2961 508 3010 uersus
528 2939 687 3010 orientem
706 2963 791 3034 aque
810 2963 938 3023 cursus,
959 2939 1187 3011 descendentis
1208 2962 1227 3009 a
1245 2939 1338 3034 lligln
1363 2963 1486 3011 uersus

298 3072 427 3161 portam
447 3065 624 3137 Canuvuci:

389 3192 578 3265 llabitacnla
597 3199 630 3264 et
644 3216 765 3266 uacuus
784 3216 920 3288 magnus
938 3169 1044 3278 locus,
1064 3195 1122 3314 qud
1137 3215 1242 3286 usque
1261 3192 1300 3262 ad
1319 3191 1487 3286 publicam

299 3321 383 3391 uiam
411 3343 528 3392 uersus
557 3320 761 3392 occidentem
790 3321 1002 3414 progreditur
1029 3321 1132 3391 sancti
1159 3320 1312 3392 hlarciani
1341 3342 1360 3390 a
1388 3343 1486 3391 muro

300 3447 436 3519 civitatis
450 3453 484 3518 et
501 3471 605 3541 usquc
621 3447 662 3518 ed
672 3447 841 3529 embolum,
861 3473 921 3542 per
938 3470 1073 3542 presens
1093 3447 1324 3541 chrysobolum
1344 3447 1488 3518 uerbum

300 3575 420 3645 datum.
446 3574 489 3645 Et
507 3599 558 3660 ca,
578 3599 642 3669 quc
660 3582 736 3646 sunt
758 3597 875 3646 uersus
890 3574 1091 3646 occidentem
1110 3597 1194 3668 aque
1213 3597 1331 3646 cursus
1350 3597 1369 3646 a
1388 3599 1487 3647 muro

301 3703 457 3786 civitatis,
487 3705 539 3796 qui
568 3703 602 3772 in
631 3703 735 3795 equali
761 3703 876 3774 semite
904 3709 972 3786 est,
1001 3701 1174 3772 diuidentis
1195 3703 1274 3795 jura
1292 3704 1489 3796 monasterii

300 3826 482 3913 Ahimiton,
512 3836 545 3901 et
568 3851 672 3922 usque
691 3829 732 3900 ad
751 3829 866 3902 domos
885 3830 986 3900 sancti
1006 3827 1152 3900 Nicholai
1180 3835 1214 3900 et
1238 3829 1343 3900 saneti
1369 3829 1488 3914 lllarci,

301 3978 373 4026 cum
391 3979 494 4049 paruo
512 3979 615 4026 uacuo
634 3955 709 4028 loco
728 3955 915 4050 monasterij
936 3956 1211 4050 Parahymomeni.
1238 3958 1281 4029 ut
1294 3955 1490 4051 simpliciter

302 4083 419 4168 omnia,
439 4107 501 4175 que
520 4082 749 4168 inhabitantur,
770 4091 811 4154 'et
829 4107 892 4177 que
911 4107 975 4155 non
994 4083 1226 4168 inhabitantur,
1245 4085 1434 4156 habitacula
1454 4091 1491 4157 et

302 4232 406 4279 uacua
429 4209 521 4293 loca,
548 4211 581 4280 in
605 4209 753 4304 predicto
771 4191 885 4305 ¹spatio
913 4212 1159 4304 comprehensa.
1188 4212 1306 4285 Adhuc
1335 4233 1411 4283 cum
1435 4211 1489 4284 his

302 4335 588 4429 comprehenditur
608 4344 653 4420 et,
674 4361 736 4431 que
757 4344 808 4409 est
826 4340 857 4409 in
876 4339 983 4423 litore,
1003 4339 1090 4410 scala
1109 4340 1212 4411 sancti
1231 4337 1401 4423 hlarciani,
1421 4363 1490 4433 que

302 4463 400 4534 hodie
415 4487 433 4534 a
448 4463 700 4559 Chrysiobesilio
714 4465 913 4559 possidetur,
925 4489 997 4537 cum
1011 4466 1163 4536 uniuersa
1179 4467 1250 4536 eius
1265 4466 1491 4560 comprehen-

302 4589 394 4661 sione
414 4597 448 4662 et
466 4592 674 4678 continentia,
704 4599 736 4664 et
755 4591 868 4685 quein
888 4615 925 4665 ea
945 4599 1032 4678 sunt,
1052 4593 1201 4666 domibus
1221 4599 1255 4665 et
1274 4595 1487 4690 ergasterijs.
