3148 5080
475 384 716 442 Gnnrsosunnunr
730 385 831 440 nmxn
845 386 863 440 Ι.
1210 367 1261 447 li

1 569 2 618 ὲ
64 563 124 626 τοῖς
147 556 309 640 μεγίστοις
331 562 392 617 τῶν
411 557 512 615 αὐτῶν
531 551 640 614 πλοίων
697 551 821 617 Venetis
860 560 1029 638 pugnantes
1075 553 1264 619 occiduntur.

65 659 240 749 ἐξορμήσας
258 661 495 750 προσεπέλασεν,
513 660 641 724 είταιιαλ
696 659 750 726 llle
771 681 860 735 voro,
890 666 919 728 io
945 662 1108 728 discrimen
1127 663 1189 746 jam
1212 660 1266 725 ad-

67 773 325 845 ὀλοιπδςστολος,
339 773 498 856 Καρτεροῡ
509 767 640 835 δὲπολί-
697 771 816 848 ductus,
838 772 869 835 in
885 772 966 838 aliud
983 772 1173 854 navigiorum
1191 789 1265 836 suo-

65 903 122 965 μου
130 887 357 967 συρραγέντος,
366 881 642 961 λπείδΒαῖμοῡντος
697 899 761 944 rum
777 879 915 945 insiliens
931 881 991 946 hoc
1007 881 1138 946 intravit.
1156 879 1263 944 Veneti

67 995 296 1077 καρτερώτερον
326 994 431 1060 αὐτοῖς
460 990 642 1071 ἐπεμάχετο,
697 989 857 1054 alacriores
881 989 952 1054 lacti
979 991 1080 1054 acrius
1106 1008 1173 1054 cum
1201 987 1262 1052 illis

68 1101 181 1162 ἔντῶν
204 1102 374 1185 εἰρημένων
398 1095 492 1173 ξύλων
516 1097 641 1160 ἄνωθεν
697 1098 901 1176 contendunt,
946 1119 1061 1184 eosque
1103 1099 1193 1183 plane
1235 1099 1265 1160 in

67 1211 215 1295 ῥίψαντες
253 1207 351 1278 εὐθὺς
389 1205 550 1291 διέτρησαν
588 1213 642 1274 τὴν
697 1208 798 1289 lugam
847 1229 954 1275 versos
993 1229 1089 1295 usque
1128 1207 1165 1272 etl
1204 1205 1267 1271 llo·

67 1321 198 1393 ναῡν,ίν
212 1319 232 1399 ᾗ
247 1321 262 1380 ό
276 1318 643 1399 Βαῑμοῡντοςίτὺρχανεν
698 1317 776 1381 berti
821 1319 982 1383 tentorium
1032 1319 1265 1402 persequuntur.

68 1429 119 1488 ὧν·
147 1425 208 1497 Ὦς
223 1424 256 1488 δὲ
270 1423 578 1510 ἀναρροιβδήσαντος
590 1431 644 1484 τοῦ
697 1423 830 1511 Cumque
854 1433 943 1491 terrae
968 1427 1133 1492 continenti
1152 1443 1264 1509 appro-

69 1533 186 1606 ὕδατος
207 1533 490 1608 καταποντίζεσθαι
513 1531 643 1616 ἔμελλεν,
697 1535 913 1620 pinquassent,
962 1535 1140 1599 desilientes
1187 1533 1266 1597 aliud

70 1647 97 1705 οί
120 1649 178 1726 μὲν
202 1637 396 1728 ἐξερχόμενοι
418 1653 475 1714 τῆς
495 1643 588 1714 νεώς,
613 1637 647 1715 ἐξ
697 1643 845 1728 proelium
862 1663 929 1708 cum
944 1643 1075 1710 lieberto
1091 1645 1264 1708 conserunt.

70 1753 166 1836 ἧσπερ
185 1753 313 1838 ἔφυρον,
331 1754 375 1823 είς
390 1753 470 1814 τοῦτ’
488 1754 562 1814 αὐτὸ
580 1754 643 1813 lst-
698 1751 780 1834 Quos
829 1755 1021 1838 conspicatus
1052 1751 1263 1834 'Palteologus

70 1883 177 1926 πιπτον
196 1863 251 1923 καί
266 1859 462 1945 ἐβυθίζοντο,
481 1865 509 1923 οἱ
520 1859 552 1922 δὲ
565 1865 643 1942 μετὰ
698 1864 856 1947 eruptione
880 1867 911 1926 et
938 1866 1005 1947 ipss
1028 1881 1064 1924 ex
1086 1861 1163 1927 urbe
1184 1858 1265 1945 Dyr-

71 1979 128 2032 τών
148 1972 314 2032 Βενετίιιωυ
336 1975 507 2056 μαχόμενοι
530 1973 643 2054 ἀνῃρέ·
698 1971 802 2035 rachio
814 1969 893 2036 lacte
906 1991 987 2035 arma
1000 1989 1068 2036 cum
1081 1969 1139 2034 illis
1153 1967 1264 2052 jungit.

71 2079 191 2150 θησαν·
210 2081 322 2152 ἐκεῖνος
339 2077 425 2150 δέείς
438 2076 570 2141 κίνδυνον
583 2076 642 2148 ἤδη
698 2077 831 2166 Cumque
853 2081 954 2165 gravis
978 2089 1080 2144 exorta
1106 2097 1207 2164 pugna
1229 2075 1266 2140 ad

70 2189 239 2262 ἐληλακὼς,
255 2191 299 2258 εἰς
312 2189 341 2248 ἓν
354 2198 415 2250 τῶν
428 2191 523 2252 αὐτοῦ
533 2187 644 2250 πλοίων
698 2189 821 2255 ltoberti
849 2209 945 2275 usque
969 2193 1068 2254 castra
1091 2187 1266 2272 processio-

70 2295 264 2369 εἰσπηδήσας
278 2299 408 2358 είσεισιν.
429 2297 499 2359 Ἐπί
510 2296 597 2360 πλέον
611 2294 643 2357 δὲ
698 2305 755 2372 set,
772 2299 856 2363 multi
876 2297 946 2362 hinc
962 2299 993 2361 in
1008 2299 1109 2380 lugam
1123 2302 1268 2380 aguntum

1 2403 2 2488 l
71 2407 296 2492 θαρρήσαντες
314 2409 343 2468 el
362 2407 506 2468 Βενέτνινν
524 2411 573 2467 καὶ
590 2411 643 2476 τὴν
698 2407 782 2472 multi
805 2411 894 2472 etiam
917 2401 1026 2492 gladiis
1042 2404 1267 2471 obtruncantur.

72 2516 138 2576 κατ’
150 2518 257 2578 αὐτῶν
264 2519 372 2598 μάχην
385 2513 643 2600 θαρραλεώτερον
699 2517 817 2590 Veneti,
830 2535 938 2599 magna
950 2515 1051 2600 praetla
1065 2513 1163 2598 potiti,
1175 2531 1268 2578 nanos

74 2625 271 2706 συνάψαντες
288 2630 338 2686 καί
354 2623 474 2696 τελείως
491 2643 642 2707 eucarpo·
699 2645 768 2690 suas
784 2625 947 2690 redeuntes
966 2627 1095 2696 intranl;
1119 2621 1268 2687 Palaeolo·

1 2726 2 2790 f
73 2737 249 2814 πωσοίμενοι
283 2737 425 2803 τρίτους,
458 2728 643 2806 κατεδίωξαν
698 2755 756 2817 gus
788 2755 859 2798 vero
892 2736 922 2798 in
949 2733 1055 2798 urbem
1083 2753 1117 2797 se
1144 2731 1266 2817 recipit.

74 2843 148 2925 ἄχρι
163 2853 223 2912 τῆς
239 2850 294 2902 τοῦ
315 2839 502 2926 Ῥομπέρτου
520 2853 655 2921 σκηνῆς·Ι
699 2843 860 2928 Postquam
884 2843 999 2928 aliquot
1020 2842 1086 2906 (lies
1111 2841 1205 2929 quieti
1222 2841 1270 2903 iu·

1 2931 2 2974 ³
75 2949 160 3031 'Apa
190 2949 224 3012 δὲ
253 2959 298 3028 τῷ
323 2961 359 3031 τῇ
388 2955 491 3034 χέρσῳ
513 2951 645 3013 πελάσαι
700 2951 871 3026 dulserunt‚
898 2953 1005 3017 Veneti
1029 2953 1130 3016 missis
1152 2952 1190 3015 ad
1213 2950 1268 3013 lm·

1 3139 2 3142 Ἴ
77 3059 318 3130 εἰσπηδήσαντες
332 3059 421 3122 ἀλλον
433 3058 559 3141 πόλεμον
567 3064 644 3142 μετὰ
700 3071 870 3146 peratorem
888 3061 1006 3143 legatis,
1029 3083 1075 3138 ea,
1099 3079 1165 3147 que
1188 3059 1271 3123 aooi-

77 3177 128 3228 τοῦ
144 3166 336 3251 Ῥομπέρτον
351 3171 547 3230 συνάπτουσι.
566 3171 645 3230 Toi-
701 3169 823 3243 derant,
854 3172 998 3235 nuntiant.
1030 3171 1083 3235 llle
1110 3167 1268 3238 benevole,

76 3297 145 3348 τους
172 3277 376 3358 θεασάμενος
398 3280 413 3338 ὁ
435 3277 646 3359 Παλαιολόρος
701 3285 733 3342 ut
748 3299 803 3364 par
819 3285 898 3351 erat.
924 3286 1069 3363 exceptos
1090 3277 1269 3343 innumeris·

80 3380 646 3469 ἐξελθὼνκαὶαύτὸςάνὸτνῦκάστρον
701 3409 759 3473 que
781 3387 938 3453 beneficiis
967 3389 1107 3470 dignatos
1139 3385 1270 3460 dimittit,

80 3495 255 3580 Δυρραχίου
295 3497 471 3576 μαχόμενος
510 3495 545 3564 ἧν
578 3492 644 3576 μετ’
701 3516 843 3562 unacum
864 3497 925 3561 illis
949 3497 1269 3580 amplamuneracum

1 3579 2 3600 ἶ
82 3607 190 3666 αὐτῶν.
215 3603 377 3687 Καρτεροῡ
398 3587 469 3686 γοῦν
487 3607 648 3688 γεγονότος
703 3605 740 3669 atl
763 3606 877 3670 Ducem
895 3605 1029 3672 Venetiae
1054 3606 1185 3677 mittens,
1210 3607 1271 3666 turn

1 3695 2 3773 ζ
81 3711 208 3794 πολέμου
222 3716 441 3795 καίρέχριτῆς
457 3709 648 3797 Ῥνμπέρτου
703 3715 741 3780 οδ
756 3717 953 3799 magistratus
970 3713 1026 3779 sub
1043 3733 1080 3778 eo
1097 3713 1270 3797 iungentes.

82 3819 281 3906 παρεμβολῆς
304 3820 509 3907 ρθοίσαντοςζ
533 3821 647 3884 ἐκεῖθεν

82 3938 193 4002 ταύτης
206 3927 311 3992 πολλοὶ
324 3927 538 4012 ἐδιώχθησαν,
547 3929 648 3992 πολλοὶ

85 4037 112 4101 δὲ
132 4045 182 4100 καί
203 4035 428 4123 παρανάλωμα
445 4033 539 4123 ξιφῶν
556 4042 649 4122 γερό-

84 4169 174 4212 νασιν.
190 4149 231 4210 ut
244 4145 432 4209 δὲΒενέτωιοι
446 4145 527 4208 λείαν
541 4145 650 4217 πολλὴν

87 4255 257 4342 ἀφελόμενοι
282 4257 326 4326 είς
343 4261 382 4316 τὰ
400 4253 463 4316 ἴδια
480 4253 569 4317 πλοῖα
586 4277 650 4318 πα-

86 4363 312 4436 λινοστήσοιντες
328 4367 480 4444 εἰσῄεσαν,
501 4366 516 4425 ὁ
535 4361 568 4424 δὲ
581 4364 647 4426 Πα·

89 4471 240 4558 λαιολόρος
270 4473 314 4545 εἰς
344 4475 376 4533 τὸ
400 4475 530 4557 κάστρον
554 4473 652 4543 αὖθις

1 4597 2 4628 ³
91 4583 208 4646 εἶσεισινῐ
245 4581 387 4668 Ἡμέρας
415 4589 488 4665 γοῦν
516 4602 602 4653 τινας
626 4583 654 4644 οί
