3130 5082
468 373 577 430 Usonrs
590 374 716 430 Assaria
731 387 893 428 concessio.
1197 357 1272 430 137

13 599 14 602 ,
83 541 241 625 Julianus,
260 544 356 614 Prior
370 545 594 638 suprascripte
612 543 663 614 dei
684 543 838 626 ecclesie,
850 565 924 613 cum
938 541 1003 612 tuis
1021 539 1273 612 successoribus

13 671 19 760 l
84 674 281 761 potestatem
299 668 375 740 inde
396 669 517 743 habeus
531 672 563 740 in
585 675 779 764 perpetuum
798 669 1004 764 profuturum
1024 666 1274 760 possidendum

13 797 14 800 ’
83 795 124 864 ita
142 794 200 864 tibi
221 801 256 864 et
274 797 497 890 suprascripte
517 797 568 868 dei
584 797 725 868 ecclesie
740 796 797 879 do,
816 802 850 866 et
868 800 1036 866 transacto
1056 793 1274 887 plenissimam

84 925 280 1012 potestatem
299 920 456 1004 habendi,
482 924 634 1007 tenendi,
658 923 838 1004 vendendi,
858 921 1019 1004 donandi,
1040 919 1272 1001 commutandi,

85 1052 116 1116 et
134 1045 289 1140 quicquid
308 1046 383 1116 inde
401 1047 460 1118 tibi
479 1047 653 1142 placuerit,
672 1049 836 1132 faciendis
852 1048 941 1120 nullo
960 1048 1018 1118 tibi
1038 1047 1170 1118 homine
1189 1068 1273 1116 con-

85 1170 282 1242 tradicente:
302 1173 389 1244 unde
407 1174 603 1266 promittens
622 1177 792 1268 promitto,
811 1181 849 1246 ut
866 1173 955 1246 nullo
970 1195 1110 1268 unquam
1124 1179 1274 1264 tempore

85 1305 197 1368 contra
226 1297 310 1368 hanc
336 1322 439 1372 meam
466 1301 658 1373 donacionis
683 1301 860 1384 cartulam,
890 1323 985 1393 quam
1012 1299 1071 1370 tibi
1096 1303 1130 1370 et
1153 1321 1273 1391 supra·

13 1419 15 1486 ἰ
47 1490 48 1493 ,
86 1425 205 1518 scripte
224 1423 366 1496 ecclesie
383 1426 473 1497 bono
492 1427 599 1498 animo
618 1429 700 1511 feci,
725 1427 773 1498 ire
792 1451 858 1500 non
878 1426 1032 1508 debeam,
1057 1447 1124 1496 non
1143 1447 1203 1517 per
1221 1447 1273 1496 me

84 1551 198 1644 ipsum,
227 1573 334 1643 neque
362 1575 423 1646 per
449 1557 581 1623 ceteros
609 1575 702 1630 meos
730 1554 882 1637 heredes,
913 1575 1019 1646 neque
1048 1575 1108 1643 per
1136 1549 1273 1643 aliquam

13 1717 14 1782 p
86 1677 276 1748 submissam
294 1701 471 1772 personam
488 1678 668 1752 homiuum:

13 1795 15 1876 ἶ
172 1804 334 1890 Quoniam
361 1805 394 1874 in
423 1805 553 1898 legibus
583 1807 799 1899 piissimorum
829 1805 1055 1899 Augustorum
1078 1808 1273 1898 preceptum

13 1947 15 1994 ζ
86 1935 144 2013 est,
163 1938 213 2011 ut,
233 1931 362 2022 quidem
383 1929 424 2021 (l.
444 1931 630 2028 quidquid)
650 1933 750 2006 semel
770 1933 881 2004 datum
906 1932 957 2004 vel
983 1932 1137 2004 donatum
1162 1930 1273 2010 suerit,

86 2055 169 2127 nullo
188 2055 289 2128 modo
309 2063 496 2128 revocetur.

172 2183 271 2270 Quod
291 2183 318 2252 si
339 2205 477 2277 unquam
496 2189 647 2278 tempore
667 2191 783 2256 contra
801 2183 886 2256 hunc
904 2189 1092 2276 presentem
1111 2181 1273 2254 donacio·
1319 2209 1324 2216 ·

85 2310 131 2378 nis
150 2309 309 2380 mrtulam
335 2310 382 2380 ire
400 2315 614 2403 temptavero,
641 2319 698 2382 aut
717 2335 787 2382 eam
808 2333 1021 2404 corrumpere
1041 2310 1090 2380 vel
1116 2311 1273 2401 frangere

84 2457 333 2530 presumpsero‚
362 2441 442 2506 tunc
470 2459 670 2530 componere
699 2438 853 2530 promitto
882 2460 955 2506 cum
989 2437 1068 2506 meis
1096 2435 1273 2506 heredibus

86 2563 151 2632 auri
170 2561 270 2634 libras
291 2562 431 2658 quinque
450 2562 509 2632 tibi
528 2569 562 2634 et
579 2565 644 2634 tuis
663 2563 913 2634 successoribus
932 2567 967 2634 et
984 2562 1207 2655 suprascripte
1222 2560 1274 2632 dei

86 2687 240 2770 ecclesie3
261 2695 296 2758 et
313 2687 375 2758 hec
391 2689 575 2760 donationis
589 2695 621 2760 et
640 2689 864 2782 permissionis
877 2688 1004 2762 cartula
1018 2693 1148 2758 maneat
1165 2687 1197 2756 in
1216 2709 1275 2758 sua

85 2813 245 2884 firmitate.

171 2939 312 3032 Signum
331 2941 545 3034 suprascripti
563 2941 699 3024 Natalis,
719 2943 775 3035 qui
793 2940 854 3012 hec
873 2941 943 3012 lieri
962 2940 1102 3034 rogavit.

170 3066 248 3158 Ego
266 3065 434 3138 lohannes
452 3067 594 3138 Venerio
615 3073 653 3138 tt.
675 3091 720 3138 ss.

173 3194 248 3286 Ego
268 3193 398 3264 llnrcus
416 3194 519 3264 Aurio
538 3199 579 3264 tt.

172 3317 248 3411 Ego
269 3319 387 3389 Petrus
406 3318 491 3390 Urso
510 3326 551 3390 tt.
571 3343 617 3391 ss.

13 3523 14 3530 χ
245 3445 320 3536 Ego
349 3445 461 3516 Bonus
489 3447 608 3518 Senior
634 3445 842 3526 saturninus,
871 3443 985 3513 Presb.
1007 3450 1041 3514 et
1059 3445 1151 3526 Not,
1180 3466 1273 3514 com·

13 3627 15 3674 3
89 3568 166 3661 pleri
187 3577 220 3641 et
241 3570 407 3642 roboravi.

371 3685 375 3694 '
617 3712 729 3784 nuru.

90 3833 141 3915 lg·
163 3839 258 3901 lilios
281 3837 310 3901 S.
334 3838 444 3901 leriae
472 3839 504 3900 la
527 3837 718 3920 llrlnopell
742 3837 879 3916 concellt
902 3836 1082 3898 monasteris
1105 3831 1134 3896 S.
1158 3833 1275 3913 tloargll

218 3947 341 4027 ualens
357 3946 546 4010 venetiarum
563 3945 722 4010 ecclesian
739 3943 768 4008 S.
786 3945 896 4008 leriae
913 3945 944 4008 ln
961 3943 1139 4026 lallsto*).

502 4069 533 4122 Α.
547 4068 573 4120 d.
587 4067 667 4129 1157,
692 4084 725 4118 m.
740 4065 859 4120 Octobri.

172 4177 383 4242 Flaminius
417 4178 641 4250 Cornelius,
676 4175 836 4240 Ecclesiae
860 4175 994 4240 Venetae
1022 4177 1141 4260 antiqua
1170 4195 1275 4240 monu-

91 4295 189 4357 menta,
206 4287 333 4351 decadis
349 4287 387 4349 Xl
404 4292 490 4370 parte
507 4287 688 4370 posteriore,
707 4305 777 4367 pag.
795 4285 861 4348 228
879 4291 910 4346 et
927 4285 1003 4348 229.

171 4395 213 4457 Ex
228 4395 415 4476 autographo
432 4393 460 4455 in
479 4394 600 4457 archivo
619 4393 791 4456 monosterii
809 4415 833 4454 s.
852 4391 978 4472 Georgii
996 4391 1128 4473 majoris.

112 4553 137 4624 ⁹)
155 4555 174 4608 l.
187 4571 211 4608 e.
223 4557 243 4610 ll
253 4555 393 4616 andeste,
414 4552 555 4614 Ραιδιστός
570 4557 693 4609 veterum.
714 4553 788 4605 Nunc
802 4551 959 4606 Rodosto.
