3148 5080
472 415 593 471 Psoron
606 413 904 470 Jusrrrroromnnnmo
1194 489 1197 496 Α
1236 402 1284 476 15

176 582 316 676 Signum
334 607 441 656 meum
458 583 635 656 Andreode
643 578 674 678 ¹)
690 587 835 670 scavino,
856 583 921 656 filio
933 582 1104 655 Dominioo
1117 582 1243 678 Pepolo
1251 575 1284 675 ²)

82 705 127 777 do
149 706 329 802 Tergeste.

175 836 315 929 Signum
327 859 433 908 meum
450 805 634 923 Dominieo‚
652 837 717 910 filio
731 831 842 931 Olie³)
860 837 901 908 de
915 838 1033 910 Castro
1058 835 1169 930 Mugln
1189 859 1282 908 eone.

175 961 314 1055 Signum
333 986 440 1036 meum
457 965 585 1037 Julinno
606 965 647 1036 de
665 965 775 1058 Muglo
794 987 887 1037 cons.

174 1089 314 1183 Signum
330 1115 437 1162 meum
456 1091 597 1162 Venerio
613 1091 655 1162 de
664 1093 815 1185 Angusto
829 1091 871 1162 de
880 1093 998 1163 Castro
1012 1089 1131 1161 Pirnno
1138 1081 1171 1182 ⁴)
1187 1113 1281 1162 oons.
1484 1105 1492 1116 ·

175 1216 315 1310 Signum
333 1241 440 1290 meum
459 1217 561 1303 neu,
580 1219 635 1290 nn
653 1219 798 1290 navemn
817 1218 859 1290 oe
878 1211 1047 1309 nisano)
1067 1239 1160 1288 cons.
1384 1199 1388 1206 ’

173 1343 313 1437 Signum
331 1368 438 1417 meum
455 1345 624 1417 Dominioo
645 1345 776 1416 scavino
798 1345 840 1416 de
857 1344 1032 1417 Anastasio
1050 1366 1145 1415 cons.

174 1471 315 1564 Signum
329 1496 435 1545 meum
445 1473 646 1556 Maurooeni,
668 1471 723 1540 filii
737 1465 964 1564 Mnurooeni⁶)
981 1469 1022 1542 de
1035 1471 1165 1543 Justino
1187 1493 1280 1542 oons.

176 1598 316 1691 Signum
335 1623 441 1670 meum
459 1599 600 1670 Johonni
619 1599 662 1669 de
679 1595 854 1694 Justmeq
874 1621 967 1672 oons.

176 1723 316 1817 Signum
334 1749 442 1798 meum
459 1718 672 1818 mossur),
700 1725 794 1796 innui
813 1725 944 1797 domino
962 1723 1103 1797 Johnnni
1123 1723 1281 1819 episeopo

83 1872 178 1921 eone.

172 1977 312 2071 Signum
336 2001 443 2050 meum
467 1973 706 2072 humberto&
735 1979 787 2051 eui
804 1983 1026 2073 cognomento
1054 1976 1213 2072 Popuiino
1222 1969 1280 2070 ¹⁰),

83 2109 177 2158 cons.

1 2311 2 2314 Ἴ
171 2213 248 2306 Ego
269 2213 445 2308 Georgius,
466 2215 634 2308 dyaconus
654 2221 688 2287 et
706 2213 853 2287 notorius
874 2213 916 2286 de
935 2213 1065 2286 civitate
1083 2213 1279 2306 Justinopo·

1 2375 2 2378 ¹
79 2340 148 2424 iim,
173 2363 214 2411 ex
233 2341 386 2433 jussione
413 2341 535 2414 domini
563 2342 734 2427 Uninterii‚
759 2341 968 2426 marchionis,
993 2339 1079 2413 hono
1098 2341 1279 2436 repromis-

80 2467 185 2538 sionis
204 2474 329 2540 onrtnm
349 2469 479 2562 scripsi,
500 2468 659 2564 compleri
678 2475 776 2564 etque
794 2469 929 2540 firmavi.

226 2593 278 2664 De
296 2597 433 2666 σίυἰίαέε
450 2587 584 2688 Pola¹¹)
598 2589 742 2689 juret¹²)

171 2719 305 2792 Rooins.

168 2837 427 2939 Amantinus¹³).

170 2974 254 3057 Leo,
273 2973 357 3046 filins
375 2973 510 3045 Possivo
531 2982 565 3046 et
583 2973 749 3048 iohannes
768 2975 948 3049 Basilioeus
968 2975 1011 3047 de
1029 2977 1196 3049 Pureniio.

168 3099 238 3170 Leo
259 3100 302 3171 de
319 3099 564 3188 Hunnlteromo.

168 3225 341 3297 Dominioo
362 3226 404 3298 de
422 3229 612 3301 inuentino.

168 3351 357 3423 Odeirieus.
447 3407 450 3414 .

166 3477 378 3563 Theodorus,
397 3477 558 3553 tribunus.

219 3605 271 3676 De
292 3605 435 3680 Ciuitate
453 3607 571 3682 Nova:

163 3732 353 3804 Leoninnus
373 3741 407 3806 et
424 3735 603 3823 iohannes,
624 3746 788 3834 cognatus
807 3740 976 3824 Formino,
997 3739 1166 3835 episeopo.

100 4076 125 4150 ¹)
143 4077 318 4135 nnn-nnn
337 4080 415 4136 onir.

1 4175 2 4189 ¹
98 4166 125 4239 ¹)
143 4170 314 4224 Dominiei
338 4171 466 4244 Pepoio
486 4171 565 4228 Curii.

97 4256 124 4328 ⁸)
142 4259 247 4315 Oliva
266 4261 347 4317 Curii·

1 4363 2 4414 }
97 4347 124 4419 ⁸)
141 4350 287 4406 Pirisno
306 4351 387 4406 Curii.

96 4435 123 4510 ⁵)
140 4442 263 4496 Pirsno
282 4440 364 4498 carli.
