3120 5078
253 337 328 407 310
533 347 624 401 Remu
637 349 802 403 Bruanium
816 365 869 404 rus
881 351 1014 405 Francos
1029 367 1160 404 svsssro.

250 519 411 611 proelium
440 519 536 589 nobis
563 519 781 602 contrarium,
812 539 870 589 eos
897 519 981 590 adeo
1007 521 1329 614 appropinquantes,
1358 519 1448 612 quod

252 666 366 713 eorum
382 645 543 736 sagittarii
559 651 593 714 et
611 643 766 714 balistarii
782 643 957 716 trahebant
970 646 1002 715 iu
1017 669 1090 729 uos,
1106 647 1277 738 nostrique
1294 648 1326 714 iu
1342 647 1447 737 ipsos.

252 771 333 839 Cum
345 769 405 860 ipsi
421 769 582 852 viderent,
602 792 664 838 nos
683 772 909 862 magnanimos
928 794 1016 854 esse,
1037 779 1072 842 et
1085 777 1277 842 constantes
1294 771 1448 842 ordinate

251 895 435 987 procedere
456 901 490 964 et
509 895 666 976 seriatim,
693 901 726 965 et
747 919 808 966 nos
828 919 893 967 nou
913 919 1014 991 posse
1032 897 1175 968 faciliter
1194 899 1373 990 expugnari
1395 898 1445 967 rel

254 1022 430 1114 corrumpi,
457 1021 531 1113 ipsi,
559 1021 652 1090 raldo
676 1023 843 1114 perterriti
863 1027 898 1094 et
918 1023 1058 1108 confusi,
1086 1025 1243 1095 cedentes
1262 1023 1358 1094 nobis
1379 1047 1447 1095 uon

253 1149 322 1217 ausi
342 1148 488 1230 fuorunt,
514 1147 574 1216 Dei
599 1149 717 1240 gratia,
748 1148 904 1218 dimicare
924 1149 1105 1220 nobiseum.
1138 1153 1181 1221 Et
1199 1151 1331 1232 sciatis,
1359 1151 1449 1244 quod

254 1296 320 1342 uon
335 1273 454 1343 fuimus
469 1275 501 1342 in
515 1280 588 1343 toto
605 1274 751 1344 exercitu
770 1275 893 1367 plures,
914 1299 1010 1370 quam
1026 1277 1103 1348 500
1120 1277 1237 1348 milites
1257 1283 1292 1349 et
1310 1278 1449 1348 totidem

255 1401 400 1492 equites;
430 1398 594 1490 serjantes
614 1422 680 1470 non
699 1399 870 1472 babuimus
889 1402 1013 1495 plures,
1040 1425 1134 1496 qiam
1157 1405 1260 1475 2000
1281 1403 1449 1496 peditom;

254 1526 362 1617 major
387 1527 471 1594 enim
500 1549 576 1618 pars
605 1526 812 1597 statuebatur
840 1527 882 1598 ad
910 1531 1041 1620 ingenia
1067 1537 1181 1601 nostra
1208 1532 1450 1602 conservanda.

254 1651 411 1722 Videntes
431 1659 540 1722 autem
560 1673 618 1723 eos
637 1654 756 1746 fugere
776 1660 810 1724 et
829 1655 929 1736 abire,
959 1655 1121 1727 noluimus
1140 1657 1279 1750 insequi,
1301 1681 1342 1726 ne
1360 1659 1453 1726 forte

256 1801 318 1873 per
333 1779 558 1850 eorum‘dolos
573 1786 607 1850 et
626 1779 759 1852 insidias
779 1783 937 1852 exercitui
957 1791 1074 1854 nostro
1096 1791 1131 1854 et
1148 1783 1273 1854 bellicis
1292 1783 1452 1854 machinis

256 1907 379 1976 nostris
398 1905 449 1976 vel
468 1906 625 1990 turribus,
646 1929 727 1999 quaa
746 1905 859 1978 Vcneti
880 1916 1050 2001 ceperant,
1071 1911 1221 1980 damnum
1240 1910 1415 1980 inferrent.

346 2031 528 2125 Imperator
546 2055 638 2117 reru,
658 2039 758 2104 nocto
777 2033 910 2104 rediens
929 2031 971 2104 ad
989 2033 1146 2127 palatium
1165 2057 1271 2119 suum,
1294 2036 1453 2114 asseruit.

257 2181 294 2229 se
321 2158 354 2229 in
383 2159 561 2228 erastinum
593 2165 815 2252 pugnaturum
850 2159 1037 2242 nobiscum;
1074 2161 1189 2232 eadem
1218 2167 1326 2231 autem
1351 2166 1454 2231 nocto

257 2286 362 2356 media
381 2285 564 2378 imperator
583 2285 725 2356 latenter
750 2287 889 2380 aufugit.
919 2287 979 2358 Die
999 2309 1079 2358 vero
1099 2287 1211 2370 louis,
1237 2289 1324 2358 sicut
1342 2287 1456 2381 lmpe-

258 2420 352 2484 rator
370 2412 578 2505 promiserat,
600 2412 770 2482 debuimus
789 2416 914 2506 pariter
935 2414 1099 2485 dimicare.

349 2539 383 2608 ln
403 2539 566 2623 crastino,
595 2539 667 2610 Deo
687 2546 904 2634 cooperante,
924 2541 987 2612 fuit
1005 2541 1266 2612 civitasrcddita
1285 2539 1391 2623 nobis,
1419 2545 1458 2610 et

259 2674 338 2738 tunc
364 2667 499 2736 fuerunt
518 2666 542 2736 8
563 2665 633 2734 dics
658 2666 814 2760 completi
836 2687 853 2734 a
874 2667 1013 2738 civitatis
1039 2665 1223 2738 obsidione.
1253 2667 1345 2737 Tunc
1371 2687 1455 2737 vero

258 2785 477 2884 liin-Sacus¹)
499 2792 682 2884 imperator
702 2800 736 2863 et
754 2791 955 2886 imperatrix,
981 2815 1064 2864 uror
1083 2794 1165 2876 eius,
1185 2793 1337 2864 videlicet
1354 2815 1457 2864 soror

259 2921 351 3013 regis
379 2919 543 3012 Ungarie‚
580 2917 633 3011 qui
663 2918 718 2988 diu
745 2921 778 2988 in
807 2919 950 2991 horrore
978 2921 1123 2992 carceris
1150 2922 1233 2991 tenti
1260 2921 1392 2990 fucrant
1422 2927 1459 2992 et

259 3046 386 3128 inclusi,
406 3044 501 3114 nobis
520 3045 647 3137 gratias
666 3045 873 3118 multimodas
892 3049 1079 3118 referentes
1098 3047 1346 3129 mandaverunt,
1368 3048 1459 3138 quod

261 3197 321 3268 per
339 3171 399 3242 Dei
419 3174 559 3266 gratiam
579 3179 613 3243 et
632 3179 781 3244 nostrum
800 3175 950 3244 auxilium
969 3176 1104 3244 fuerant
1121 3199 1140 3244 a
1160 3195 1296 3245 carcere
1315 3173 1460 3257 liberati,

262 3307 298 3371 et
317 3298 405 3392 quod
425 3298 527 3370 decus
542 3299 670 3390 imperii
685 3297 901 3384 rehabebant,
922 3306 956 3370 et
975 3321 1037 3370 nos
1057 3302 1088 3370 in
1109 3301 1254 3370 crastino
1269 3301 1460 3372 veniremus

261 3426 294 3495 in
312 3425 467 3518 palatium
487 3431 640 3514 tanquam
659 3425 691 3492 in
712 3431 860 3494 nostrum
880 3447 954 3496 cum
971 3427 1037 3496 filio
1058 3449 1118 3496 suo
1140 3426 1194 3497 diu
1215 3425 1416 3496 desiderato.

353 3552 397 3620 Et
422 3550 467 3618 ita
494 3548 647 3632 fecimus,
684 3556 718 3619 et
743 3551 1007 3622 manducavimus
1034 3574 1108 3622 cum
1143 3554 1192 3622 eis
1221 3576 1294 3623 oum
1327 3553 1459 3644 magnis

263 3674 516 3748 exultationibus
536 3676 717 3747 ethonore
737 3677 886 3749 solemni.

355 3804 427 3873 Hoc
453 3802 605 3895 equidem
623 3826 684 3874 ros
703 3803 795 3874 seire
821 3805 914 3888 uolo,
937 3803 1030 3898 'quod
1050 3827 1091 3874 eo
1113 3803 1268 3897 usquein
1288 3805 1460 3897 negotium

265 3929 446 4000 Salvatoris
471 3929 713 4020 processimus,
747 3930 836 4022 quod
863 3930 1039 4002 Orientalis
1069 3931 1230 4014 eeclesia,
1261 3931 1353 4001 ouius
1383 3931 1462 4001 olim

265 4053 458 4146 metropolis
482 4060 553 4126 erat
573 4055 892 4151 Constantinopolis,
919 4081 993 4128 cum
1012 4061 1215 4150 Imperatore
1242 4061 1277 4126 et
1299 4059 1462 4129 uniuerso

265 4180 405 4274 lmperio
427 4181 507 4262 eius,
529 4181 626 4273 capiti
647 4201 721 4262 suo,
742 4181 888 4252 Romano
908 4183 1065 4276 pontifici,
1082 4185 1173 4252 'sicut
1187 4181 1249 4253 fuit
1268 4184 1462 4278 antiquitus,

265 4306 437 4390 renudato,
458 4307 604 4378 Romane
620 4307 761 4379 ecclesie
779 4303 894 4400 sesc²)
914 4309 1011 4382 liliam
1029 4309 1254 4404 recognoscit,
1274 4317 1309 4380 et
1327 4309 1399 4382 uult
1419 4311 1463 4381 de

294 4533 320 4606 ¹)
340 4534 501 4589 Tirsacus
520 4536 562 4589 Fr.
855 4535 859 4607 Ι
910 4536 937 4604 ²)
958 4553 1031 4591 esso
1051 4535 1112 4590 add.
1127 4537 1168 4589 Fr.
