3110 5076
297 339 372 412 240
585 349 688 404 Aunxu
699 349 735 405 lll
746 350 803 404 lun.
817 348 864 406 Cr.
878 365 966 405 sarar.
980 369 1016 406 nn
1029 353 1124 408 luuoc.
1137 353 1181 408 lll.

297 545 357 617 pro
369 521 498 595 Christo
510 522 600 616 quasi
613 521 762 594 laborare
774 521 983 594 ostendentes
993 526 1156 596 contraria
1169 523 1282 596 diuinis
1292 531 1464 618 operantur

297 650 525 722 uoluntatibus.

385 778 493 865 Quare
518 778 618 872 igitur
642 800 702 872 pro
729 777 889 850 dominico
915 777 1089 872 sepulchro
1117 777 1195 871 (ad)
1221 778 1338 848 bellum
1364 799 1463 848 meum

295 929 396 1000 usqne
416 929 501 978 nunc
521 905 643 977 distulit
661 905 848 1000 lmperium‚
875 904 1075 975 sufficienter
1098 905 1180 976 bace
1204 912 1280 977 tuae
1306 906 1465 976 sanctitati

292 1033 461 1128 respondit
486 1033 667 1128 Imperium.
697 1033 762 1104 Det
785 1039 893 1104 autem
912 1031 1000 1102 [leus
1019 1056 1080 1126 per
1098 1039 1171 1105 tuas
1190 1039 1321 1104 sanctas
1341 1033 1465 1104 oratio·
1548 1055 1549 1058 ’

295 1183 353 1231 nes
370 1171 502 1232 nostrae
517 1163 682 1255 potentiae
697 1160 810 1254 [ccl]
824 1159 1057 1255 tranquillitati,
1076 1159 1251 1232 secundum
1265 1161 1395 1254 lmperii
1411 1161 1466 1230 mei

295 1312 355 1359 cor
380 1289 475 1359 sunem
509 1311 569 1382 pro
606 1288 768 1360 dominico
805 1286 978 1382 sepulchro
1010 1290 1140 1360 conatui
1174 1289 1292 1383 apponi
1323 1293 1467 1382 tempore

296 1439 455 1509 congruo.

383 1543 431 1614 ne
455 1545 575 1614 unione
601 1549 706 1614 autem
732 1542 952 1614 Ecclesiarum
977 1565 1042 1612 non
1069 1542 1200 1636 longam
1224 1543 1467 1635 responsionem

294 1677 369 1741 tuae
389 1671 567 1742 sanctitatis
587 1671 774 1741 discretioni
792 1670 887 1753 facil,
915 1669 988 1762 quia
1006 1669 1166 1740 leuissima
1185 1676 1236 1741 est
1252 1669 1348 1751 unio,
1375 1674 1469 1762 prout

295 1821 368 1869 mco
387 1799 513 1870 uidetur
531 1799 680 1893 lmperio,
700 1799 727 1869 si
746 1795 892 1868 humanis
907 1797 1125 1870 voluntatibus
1145 1822 1183 1868 ex
1201 1797 1295 1868 nobis
1315 1795 1468 1867 delicien-

293 1926 380 1997 tibus
399 1926 548 1999 uolnntas
567 1927 625 1998 Dei
645 1931 768 1998 tantum
788 1926 820 1996 in
840 1927 932 1998 nobis
952 1930 1002 1997 est
1020 1925 1199 1996 mediatrix.
1224 1923 1305 1996 Nam
1320 1924 1469 2005 ecclesia,

298 2077 381 2146 quae
400 2053 588 2126 uniuersalis
607 2079 669 2126 una
689 2062 740 2126 est
758 2059 793 2125 et
811 2076 875 2125 non
895 2060 945 2124 est
964 2053 1075 2137 divisa,
1096 2053 1156 2123 sub
1170 2075 1236 2123 uno
1256 2057 1393 2146 pastore
1411 2073 1468 2144 pro

297 2179 391 2250 nobis
413 2205 505 2252 suum
525 2183 715 2275 sanguinem
736 2181 912 2254 effundenti
932 2180 1063 2253 Christo
1084 2178 1243 2263 ordinata,
1269 2178 1414 2270 quamvis
1432 2177 1469 2247 ab

296 2309 365 2379 aliis
393 2316 426 2379 et
453 2308 533 2393 aliis,
565 2333 647 2401 quae
675 2333 735 2404 per
760 2299 871 2403 partes
889 2314 965 2378 sunt
985 2307 1165 2390 Ecclesiae,
1190 2306 1420 2402 dispensentur
1437 2311 1470 2374 et

296 2439 444 2528 agantur,
471 2437 585 2530 quibus
605 2436 782 2508 secundum
802 2435 983 2506 voluntates
1002 2441 1037 2505 et
1055 2434 1207 2506 scientias
1226 2457 1283 2504 eas
1306 2432 1469 2526 agentium

297 2570 329 2634 et
347 2561 428 2633 fides
447 2564 657 2636 confirmatur
676 2563 725 2634 uel
745 2569 902 2647 movetur,
923 2569 956 2634 et
974 2561 1122 2632 hodierni
1139 2561 1349 2633 ecclesiarum
1362 2559 1470 2632 throni

296 2697 329 2762 et
342 2690 487 2761 bonores
502 2715 520 2762 a
537 2690 703 2762 mundanis
717 2689 914 2784 principibus
930 2694 964 2759 ct
978 2713 1043 2760 non
1057 2689 1183 2760 aliunde
1203 2690 1282 2782 ipsis
1296 2689 1468 2760 aduenere.

218 2803 221 2809 ⁵
295 2817 329 2887 Si
348 2818 449 2911 igitur
462 2819 671 2890 ecelesiarum
685 2817 823 2890 Praelati
838 2839 965 2890 omnem
981 2817 1144 2889 carnalem
1162 2817 1366 2911 prudentiam
1381 2837 1468 2885 suam

297 2945 493 3040 expulerint,
520 2946 582 3018 soli
607 2953 715 3018 autem
734 2951 848 3018 sancto
868 2945 992 3040 spiritui
1017 2945 1310 3038 perscrutationem
1329 2942 1471 3035 exquisi-
1548 3006 1552 3014 .

296 3053 403 3144 torum
424 3073 608 3168 dogmatum
627 3075 849 3168 imposuerint,
868 3073 1064 3166 impossibile
1082 3077 1145 3153 est,
1166 3071 1206 3141 de
1225 3071 1312 3142 sacili
1330 3070 1468 3141 solutio·
1553 3145 1554 3156 χ

297 3224 370 3271 nem
389 3202 558 3271 dubiorum
577 3207 651 3272 non‘
666 3203 818 3296 persequi
838 3208 872 3273 et
897 3201 1047 3272 distantia
1068 3201 1237 3293 pervenire
1257 3197 1299 3268 ad
1317 3199 1469 3268 unionem
1554 3282 1555 3291 ἵ

297 3335 331 3400 et
356 3328 396 3399 ad
424 3349 537 3421 pacem
561 3327 730 3420 litigantia.
759 3330 793 3399 Si
818 3351 895 3400 vero
923 3329 1055 3424 propria
1079 3351 1138 3399 sua
1162 3327 1326 3398 voluntate
1350 3325 1471 3396 luerint

296 3457 453 3550 separati,
481 3456 628 3548 operatio
649 3457 804 3550 contrarij
825 3459 956 3550 spiritus
984 3461 1135 3550 patenter
1154 3461 1188 3525 et
1212 3451 1470 3546 inconjungibile

297 3583 441 3654 discissis
468 3589 502 3652 et
527 3583 722 3654 immistibile
747 3583 856 3655 diuisis
884 3589 1052 3677 sequetur.
1088 3580 1362 3671 Quemadmodum
1389 3580 1470 3648 enim

297 3710 375 3780 solis
393 3709 473 3780 radii
492 3710 639 3781 omnibus
665 3734 778 3782 omnes
804 3711 982 3804 aequaliter
1006 3709 1228 3793 effunduntur,
1254 3711 1280 3779 si
1300 3731 1379 3779 uero
1400 3709 1471 3800 quis

296 3837 356 3907 sub
370 3843 460 3906 tecto
476 3838 615 3930 quodam
629 3861 770 3932 corpore
786 3837 1016 3921 abscondatur,
1030 3837 1104 3908 huic
1116 3841 1150 3907 et
1163 3836 1233 3907 sole
1243 3836 1326 3906 bene
1339 3835 1469 3905 lucente

252 4017 257 4026 .
296 3987 361 4035 non
382 3963 554 4058 splendens
572 3989 633 4036 nee
652 3965 765 4036 lucens
785 3965 848 4035 erit
867 3965 953 4034 dies:
982 3966 1030 4034 sic
1054 3985 1137 4057 pure
1162 3969 1197 4034 et
1224 3965 1293 4034 sine
1318 3964 1471 4056 passione

296 4091 490 4174 intellectus,
510 4115 592 4186 quae
606 4093 665 4164 Dei
680 4101 767 4176 sunt,
787 4092 1026 4186 requirentibus
1040 4090 1185 4162 veritatis
1200 4090 1305 4162 lumen
1320 4114 1337 4160 a
1353 4096 1470 4161 sancto

297 4219 410 4312 spiritu
434 4217 539 4303 lucet,
566 4227 599 4290 et
624 4221 829 4292 orthodoxae
856 4221 928 4291 fidei
952 4220 1060 4290 lumen
1088 4219 1176 4312 ipsos
1201 4217 1374 4297 illuminat3
1404 4240 1469 4288 non

295 4345 502 4439 spiritualiter
521 4354 627 4418 nutem
652 4348 828 4441 spiritualia
853 4347 1089 4442 requirentibus
1109 4347 1252 4416 ueritatis
1272 4345 1413 4415 inventio
1433 4343 1470 4414 lit

295 4474 638 4568 incomprehensibilis.
658 4473 730 4545 Non
746 4477 827 4546 enim
843 4475 1101 4570 complectuntur
1115 4472 1393 4565 incomplexibilia,
1409 4493 1471 4542 nec

298 4602 474 4672 miscentur
492 4601 773 4674 incommixtibilia.
