3110 5076
446 394 881 452 Cnrrsononnruulsnuculur.
1174 383 1251 457 203

82 564 106 632 si
122 589 178 658 pro
197 566 377 659 quindecim
398 566 514 661 galeis,
539 592 618 662 quas
638 569 777 664 imperio
798 573 912 640 nostro
932 568 1010 639 dare
1030 567 1152 640 debent
1170 566 1253 638 inira

81 699 197 786 tempus
210 695 312 787 pacis,
328 719 423 788 quam
438 681 510 766 c'um
526 695 736 768 nobillissimo
751 695 950 790 regeSicilie
960 695 1107 766 Vilielmo
1118 695 1251 777 babent,

82 821 252 893 iuime'citiu
263 821 558 918 eissuperuenerit.
578 823 658 896 Nam
671 825 698 894 si
715 849 776 918 pro
788 823 848 895 iam
860 824 955 894 dictis
971 823 1074 918 galeis
1091 822 1254 893 inimicitia

80 947 121 1016 eis
130 949 286 1031 eucnerit,
300 949 398 1020 debet
412 953 540 1046 lmperij
552 954 655 1024 nostri
669 953 829 1024 serenitas
837 943 867 1042 ¹)
883 975 941 1022 eos
952 952 1065 1023 iuuare
1076 950 1254 1022 secundnm

80 1097 161 1144 suam
191 1077 403 1148 uoluntatem.
446 1079 489 1150 Et
521 1081 549 1148 si
581 1081 753 1173 Imperium
784 1085 932 1150 nostrum
964 1079 1017 1149 uel
1050 1078 1252 1172 lmperaturi‚

81 1204 248 1275 secundum
273 1206 361 1300 quod
387 1207 506 1278 dictum
532 1215 602 1292 est,
628 1209 747 1279 lecerit
771 1231 885 1303 pacem
911 1207 962 1278 uel
986 1201 1153 1298 trenam²)
1181 1229 1254 1277 cum

80 1333 177 1427 aliquo
200 1335 422 1420 inimicorum,
450 1343 565 1410 contra
589 1361 682 1433 quem
702 1336 848 1410 Venetici
873 1337 1012 1432 Imperio
1040 1342 1153 1408 nostro
1180 1358 1255 1406 ser·

81 1462 175 1545 nient,
202 1461 300 1534 debet
323 1463 495 1558 lmperium
517 1471 665 1536 nostrum
694 1489 753 1536 eos
779 1463 991 1536 introducere
1015 1465 1047 1534 in
1071 1463 1254 1534 huiusmodi

79 1613 182 1682 pacem
206 1591 260 1661 uel
283 1587 459 1686 treuom').
494 1595 537 1666 ut
553 1595 582 1666 tsi
602 1595 705 1666 stolus
730 1593 932 1666 celsitudinis
958 1599 1071 1665 nostre
1100 1616 1162 1664 una
1179 1615 1254 1663 cum

82 1715 300 1790 Veneticornm
315 1720 400 1791 stolo
416 1721 552 1815 aliquam
565 1729 725 1794 terrarum
745 1719 863 1794 inimici
885 1721 1013 1816 lmperij
1034 1720 1137 1791 nostri
1154 1743 1256 1814 cepe·

81 1843 126 1927 rit,
145 1845 266 1917 debent
286 1845 317 1916 in
337 1867 376 1917 ea
394 1847 516 1919 babere
531 1845 676 1920 Venetici
694 1849 876 1931 ecclesiam,
898 1847 1059 1918 embolum
1075 1853 1109 1918 et
1123 1846 1255 1927 scalam,

83 1981 110 2046 et
125 1974 195 2045 lore
210 1972 333 2069 absque
348 1978 434 2047 omni
450 1977 591 2048 datione.
611 1975 786 2049 Debitores
801 1999 881 2049 uero
897 1975 1128 2048 Venetieorum
1143 1973 1255 2045 llomei

16 2123 18 2190 g
82 2097 191 2172 debent
216 2103 410 2196 persoluere
438 2128 549 2189 omne,
578 2105 665 2200 quod
692 2129 730 2175 ex
756 2103 866 2176 debito
892 2101 1013 2175 debent
1038 2101 1256 2174 creditoribus

82 2225 247 2302 veneticis.
276 2227 311 2300 Si
337 2237 445 2303 autem
464 2229 592 2304 debitor
610 2256 676 2303 non
702 2229 868 2316 babuerit,
896 2231 981 2302 unde
1007 2229 1150 2302 debitum
1177 2253 1257 2323 per·

81 2353 194 2441 soluat,
222 2355 355 2431 babebit
382 2359 541 2430 iusticiam
570 2357 745 2432 Veneticus
775 2355 816 2429 de
844 2359 989 2440 Romeo;
1026 2357 1052 2427 si
1077 2378 1159 2427 uero
1186 2353 1257 2449 ipse

82 2475 266 2577 decessit⁸)‚
287 2483 328 2556 de
347 2482 521 2557 heredibus
539 2487 620 2558 eius.

161 2609 452 2684 Conseruabnntur
470 2614 570 2707 igitur
592 2611 654 2684 hec
679 2611 770 2683 lirma
796 2609 837 2682 ab
862 2611 1000 2704 lmperio
1025 2615 1140 2681 nostro
1161 2615 1195 2681 et
1214 2609 1254 2679 ab

81 2735 258 2822 heredibus,
279 2743 315 2809 ut
329 2738 449 2811 dictum
465 2747 527 2823 est,
548 2747 581 2812 et
595 2739 842 2811 successoribus
857 2737 985 2832 lmperij
1000 2737 1116 2821 nostri,
1132 2759 1256 2829 quous-

82 2887 134 2956 que
153 2871 187 2936 et
206 2889 225 2936 a
243 2863 407 2938 veneticis
426 2867 560 2939 tirmiter
579 2875 613 2940 et
630 2869 701 2939 sine
719 2867 834 2938 fraude
853 2871 886 2936 et
909 2865 994 2936 malo
1020 2865 1152 2958 ingenio
1172 2885 1256 2934 con·

82 2999 245 3065 seruantur
263 2995 414 3089 superius
433 2983 624 3068 notificatas
639 2993 749 3090 Super
767 2995 830 3066 boc
852 2993 936 3064 enim
956 2998 989 3063 et
1006 3015 1143 3086 presens
1158 2988 1256 3085 chry-

83 3119 221 3192 sobudum
255 3123 389 3194 uerbum
422 3123 551 3218 lmperij
581 3125 685 3194 nostri
714 3121 760 3192 eis
792 3119 944 3192 collatum
975 3123 1043 3203 est,
1072 3119 1197 3190 firmum
1225 3121 1259 3188 et

18 3287 20 3378 r}
82 3247 253 3322 inuiolabile
272 3273 464 3344 permanere
483 3251 619 3322 debens.

19 3473 21 3528 ᾧ

20 3687 22 3698 t

20 3701 22 3716 Ι

160 3414 298 3484 Factum
321 3436 432 3484 mense
459 3414 637 3486 Februario
663 3413 826 3508 presentis
846 3411 956 3504 quinte
976 3407 1161 3479 indictionis
1180 3429 1256 3476 sex-

19 3559 21 3644 t
84 3539 229 3612 nilesimi
242 3543 468 3614 sexcentesimi
483 3541 684 3635 nonagesimi
699 3540 800 3634 quinti
816 3539 901 3622 anni,
921 3537 952 3607 in
973 3557 1036 3630 quo
1057 3540 1091 3605 et
1109 3541 1257 3606 nostrum

85 3665 158 3757 pium
177 3674 211 3740 et
230 3691 248 3740 a
268 3667 332 3740 deo
351 3677 535 3765 promotum
554 3669 758 3764 subsignouit
776 3665 960 3760 Imperium.

370 3923 586 3996 isachius
614 3923 646 3994 in
665 3921 796 3992 Christo
816 3919 878 3990 deo
897 3917 999 3989 fidelis
1018 3917 1200 4009 lmperator
1225 3919 1260 3986 et

517 4050 706 4124 moderator
725 4050 945 4120 Romanorum
964 4043 1123 4139 Angelus.

88 4270 395 4288 Ἢ.

108 4419 132 4496 ¹)
148 4427 360 4502 seruitute)
380 4429 414 4484 u.
717 4422 746 4496 ⁸)
766 4419 959 4479 sesemen
977 4420 1011 4474 u.

108 4511 132 4585 ¹)
147 4521 298 4594 treguam
317 4517 351 4574 n.
