3120 5078
215 371 334 425 Pacuuii
347 371 467 426 Hnunrm
479 369 610 426 Daunum
624 387 682 426 ouu
695 373 850 428 Boursacro
863 375 1057 428 ltoumsrrras.
1071 389 1153 428 erun.
1196 362 1268 434 371

179 541 337 614 victualia
364 543 459 614 unius
487 543 648 636 cujusque
676 543 817 615 hominis
846 543 923 614 talia
953 551 1069 616 erunt:
1097 567 1158 638 pro
1188 565 1274 614 uno·

84 691 222 761 quoque
247 668 377 739 homine
405 671 547 742 sextaria
571 694 628 742 sex
653 671 739 742 iuter
761 693 879 764 panem
898 677 932 742 et
957 672 1092 742 farinam
1112 677 1147 740 et
1164 670 1274 742 modia

84 795 186 866 hlaue
199 797 263 868 tria
278 803 311 868 et
329 797 494 892 legumina
508 804 544 870 et
556 799 717 870 dimidiam
735 799 886 868 anferam
900 798 975 868 vini.
995 801 1059 870 Pro
1074 819 1274 891 unoquoque

84 947 174 1016 equo
195 924 301 996 modia
320 924 416 996 blane
434 926 496 996 tria
515 924 556 996 ad
576 947 759 996 mensuram
773 925 921 1007 Venetie,
941 931 976 996 et
993 924 1036 995 de
1054 949 1150 1019 aqua,
1171 947 1275 1018 quan-

84 1058 157 1121 tum
193 1051 360 1124 sufficiens
394 1053 468 1123 erit.
511 1052 563 1124 Ad
595 1052 860 1124 transfretandas
889 1052 1058 1146 predictos
1091 1074 1195 1145 equos
1224 1057 1277 1122 tot

86 1179 238 1250 useerios
266 1179 345 1252 dare
371 1179 545 1264 debemus,
574 1185 655 1273 quot
678 1180 799 1251 luerint
824 1180 1001 1252 necessarii
1031 1180 1274 1251 convenienter.

85 1304 316 1378 Nauesautem
331 1307 373 1378 ad
386 1307 648 1380 trnmlretandos
668 1307 817 1380 homines
835 1313 888 1378 tot
906 1307 1064 1390 dabimus,
1085 1313 1166 1399 quot
1181 1311 1278 1376 erunt

86 1434 293 1505 sufficientes
307 1435 486 1506 seeundum
502 1435 733 1506 discretionem
748 1442 893 1506 nostram
913 1440 948 1504 et
967 1434 1126 1505 baronum
1140 1439 1276 1504 nostro·

86 1584 173 1644 rnm,
193 1561 281 1634 bona
299 1561 375 1632 tide.

179 1688 224 1760 Et
241 1687 305 1760 hoe
323 1689 485 1782 navigium
505 1688 726 1782 supradictum
745 1688 815 1758 dari
835 1688 971 1760 debota
991 1687 1077 1758 testo
1096 1685 1275 1780 Apostolo-

86 1840 161 1886 rum
181 1822 369 1888 sanctorum
390 1817 479 1887 Petri
499 1822 533 1886 et
550 1816 639 1888 Pauli
663 1818 809 1910 proxime
829 1823 966 1887 uenturo
985 1813 1028 1886 nd
1046 1814 1206 1885 honorem
1226 1815 1276 1885 dei

88 1950 123 2014 et
141 1944 231 2015 beati
250 1946 348 2016 llarei
367 1944 509 2040 apostoli
527 1950 562 2016 et
580 1943 781 2038 evangeliste
799 1949 833 2014 et
851 1943 1099 2014 christianitatis
1118 1941 1277 2035 usquead

89 2094 189 2141 uuum
204 2093 334 2154 annum,
354 2073 381 2140 si
396 2073 592 2166 oportuerit,
607 2071 667 2140 nisi
683 2076 794 2142 nostra
810 2079 844 2142 et
858 2076 968 2141 vestra
983 2071 1143 2140 communi
1160 2070 1277 2140 volun-

87 2204 160 2270 tate
178 2199 382 2270 remanserit.

181 2324 292 2418 Super
303 2324 354 2396 his
363 2333 472 2395 autem
482 2333 516 2396 et
529 2348 591 2394 nos
605 2327 737 2419 propria
747 2324 914 2395 uoluntate
925 2324 1156 2416 quinquaginta
1167 2323 1280 2416 galeas

88 2453 170 2524 dare
190 2452 346 2523 debemus
365 2457 506 2522 armatas
526 2452 557 2520 in
577 2449 629 2522 dei
648 2453 824 2534 servitium,
846 2473 917 2543 quae
938 2448 1084 2521 similiter
1103 2455 1200 2520 erunt
1218 2475 1280 2544 per

89 2603 210 2652 anunm
229 2579 261 2648 in
281 2579 448 2650 servitium
467 2578 606 2662 domini,
626 2580 654 2648 oi
674 2578 876 2674 oportuerit,
899 2577 959 2648 nisi
979 2582 1091 2647 nostra
1111 2577 1280 2649 voluntate

89 2713 125 2779 et
143 2711 254 2778 vestra
280 2707 483 2776 remanserit.
506 2708 648 2797 Propter
666 2727 728 2798 que
748 2703 842 2774 nobis
860 2705 940 2775 dare
959 2703 1087 2788 debetis
1106 2705 1278 2797 octoginta

89 2834 236 2926 quinque
256 2832 342 2904 milia
361 2832 563 2904 marcharum
587 2832 661 2926 puri
680 2831 806 2923 argenti
825 2831 866 2902 ad
884 2832 1014 2924 pondus
1033 2831 1189 2921 colonie,
1215 2857 1280 2927 quo

89 2961 195 3031 utitur
214 2963 308 3030 terra'
324 2965 455 3042 nostra;
483 2958 524 3029 de
544 2957 659 3051 qmbus
677 2956 753 3028 hino
771 2957 812 3029 ad
832 2958 984 3029 calendas
998 2957 1139 3051 Augusti
1159 2959 1281 3032 hahere

90 3087 251 3158 debemus
267 3087 450 3180 quindecim
470 3085 554 3156 milia
573 3083 789 3168 marcharum,
809 3091 842 3156 et
860 3085 989 3156 indeed
1003 3085 1124 3188 testum
1140 3088 1281 3156 omniurn

88 3217 290 3287 Sanctorum
305 3213 366 3286 alia
380 3213 495 3284 deeem
509 3211 605 3295 milia,
624 3211 741 3284 abinde
755 3234 834 3282 vero
849 3212 1009 3306 usquead
1024 3211 1282 3306 purificationem

89 3341 191 3414 beate
210 3341 312 3412 ltlarie
337 3339 399 3412 alia
424 3338 539 3410 desem
565 3339 661 3410 milia.
691 3338 817 3410 Deinde
843 3344 1076 3432 antemnaque
1096 3347 1281 3434 pertotunr

90 3492 239 3542 mensem
248 3467 392 3562 Aprilem
401 3467 493 3561 prius
503 3471 674 3537 venturum
688 3465 812 3557 reliqua
823 3465 1054 3559 quinquaginta
1064 3466 1149 3537 milia
1158 3466 1281 3538 habere

90 3597 264 3668 debemus.
293 3595 338 3666 Et
361 3617 422 3687 per
447 3599 553 3664 totum
581 3591 721 3664 eundem
744 3613 888 3663 mensem
913 3598 948 3662 et
972 3591 1123 3664 homines
1147 3601 1181 3664 et
1208 3595 1282 3688 equi

89 3747 167 3796 eum
193 3722 345 3794 omnibus
371 3721 568 3792 necessariis
589 3721 622 3790 in
647 3718 821 3790 Veneriam
849 3741 925 3790 esse
953 3718 1077 3790 debent
1102 3721 1143 3790 ad
1170 3727 1282 3791 trans·

89 3849 263 3922 tretandos
297 3855 331 3919 et
364 3847 485 3918 debent
511 3847 561 3916 ire
593 3851 628 3915 et
660 3850 750 3916 stare
776 3846 808 3917 in
840 3846 975 3917 servitio
1007 3847 1059 3918 dei
1091 3870 1154 3942 per
1183 3871 1282 3918 unum

89 3999 225 4058 annum,
246 3976 273 4046 si
294 3975 492 4070 oportuerit,
511 3973 570 4042 nisi
591 3971 631 4043 de
651 3972 779 4044 comuni
799 3973 968 4044 voluntate
986 3980 1101 4045 nostra
1121 3981 1156 4045 et
1172 3979 1282 4046 vestra

89 4101 299 4178 remanserit.

5 4213 6 4218 ἵ
182 4231 257 4304 Nee
280 4235 333 4300 est
358 4224 683 4322 pretermittendum,
709 4225 796 4319 qnod
821 4227 974 4298 victualia
1000 4251 1193 4322 comparare
1216 4251 1283 4300 non

92 4360 223 4432 debetis
250 4382 270 4430 a
296 4359 458 4429 Cremona
490 4359 524 4424 et
550 4352 635 4422 infra
660 4375 775 4424 versus
800 4352 989 4442 Venetiam,
1019 4361 1054 4426 et
1078 4379 1098 4426 a
1121 4355 1282 4440 Bononia,

90 4487 243 4568 lmmola,
269 4483 428 4556 Fauentia
448 4487 483 4552 et
500 4479 583 4550 intra
603 4501 718 4550 versus
736 4477 923 4565 Venetiam,
948 4481 1009 4552 nisi
1030 4481 1132 4554 verbo
1153 4489 1281 4554 nostro.

1004 4671 1065 4728 et·
