3110 5080
327 353 404 426 418
481 381 483 385 ·
641 366 737 422 lsaoe.
750 364 885 421 lllsvrsa.
900 381 937 420 an
949 362 1193 422 Ganosmesnros.

325 534 526 616 convenerit,
540 537 668 631 navigio
679 537 864 622 transeatis,
879 536 1112 630 quantominus
1124 537 1286 632 poteritis,
1300 557 1373 608 cnm
1388 535 1505 608 dolore

325 668 432 733 tamen
452 667 486 734 et
504 663 715 736 amaritudine
734 664 856 750 cordis,
883 670 917 736 et
934 662 995 736 snb
1014 687 1073 760 spe
1097 665 1209 738 veniae
1228 664 1505 736 communientes

198 862 201 870 ,
324 789 458 862 eisdem.

417 915 498 987 Cum
518 917 601 988 enirn
621 915 690 1010 jam
709 939 727 987 a
746 917 837 990 vobis
856 919 1014 1011 majorem
1032 917 1118 990 nauli
1137 917 1323 1012 receperint
1340 917 1503 1012 quantita-

190 1145 194 1150 ·
323 1049 401 1127 tem,
422 1065 483 1114 nee
497 1041 539 1113 ad
554 1065 623 1114 eam
638 1044 766 1137 possint
778 1043 1011 1116 restituendam
1025 1043 1133 1116 induci
1147 1051 1204 1115 aut
1218 1045 1315 1115 etiam
1328 1045 1503 1126 coarctavi,

324 1169 351 1238 si
379 1169 473 1242 aliter
500 1169 610 1254 fleret,
644 1170 832 1242 videremini
859 1191 917 1242 vos
946 1171 1095 1242 damnum
1122 1191 1161 1242 ex
1191 1169 1414 1266 poenitentia,
1443 1171 1504 1264 ipsi

323 1301 431 1366 autem
450 1296 628 1390 praemium
643 1319 682 1366 ex
696 1297 898 1369 contumacia
916 1303 1106 1392 reportare;
1125 1317 1198 1368 cum
1217 1296 1259 1366 ad
1278 1296 1343 1368 boc
1360 1295 1504 1368 debitum

322 1421 550 1494 exsolvendum
570 1421 629 1516 ipsi
648 1423 740 1494 vobis
759 1429 911 1496 maneant
928 1422 1078 1518 obligati,
1105 1428 1139 1494 et
1156 1421 1196 1492 ab
1217 1423 1503 1494 excommunicatis

322 1547 407 1642 exigi
425 1549 531 1643 possit
551 1555 585 1620 et
602 1549 716 1642 recipi,
736 1550 823 1645 quod
842 1547 992 1621 debetur.
1021 1549 1082 1622 Est
1096 1555 1203 1620 autern
1219 1557 1350 1622 anunm
1367 1547 1400 1618 in
1414 1549 1503 1642 jane,

321 1674 427 1768 quod,
452 1677 480 1746 si
505 1676 671 1770 quisquam
697 1699 757 1770 per
782 1683 903 1750 terram
930 1675 1169 1748 baereticorum
1197 1685 1253 1748 aut
1281 1675 1506 1770 quorumlibet

320 1803 669 1874 excommunicatorum
702 1805 884 1888 transierit,
925 1804 1111 1874 necessaria
1144 1823 1252 1874 emere
1283 1825 1323 1874 ne
1354 1804 1505 1896 recipere

319 1927 443 2021 poterit
460 1929 502 1999 ab
521 1929 656 2000 eisdem.
680 1929 868 2014 Praeterea,
887 1929 914 2000 si
932 1927 1162 2025 paterfamilias
1180 1929 1295 2001 domus
1313 1951 1503 2000 excommu-

319 2055 490 2126 nicationis
523 2057 684 2128 sententia
715 2057 814 2129 fuerit
844 2056 1036 2137 innodatus,
1069 2079 1087 2127 a
1120 2056 1370 2151 participatione
1401 2054 1506 2150 ipsium

317 2181 436 2254 familia
456 2187 639 2255 excusatur.
668 2181 761 2255 Licet
780 2205 862 2278 ergo
881 2183 952 2257 Dux
971 2183 1169 2256 Venetorum
1188 2181 1338 2254 dominus
1356 2185 1500 2268 navium,

319 2315 471 2404 tanquam
496 2310 725 2404 paterfamilias
753 2310 885 2396 domus,
918 2313 950 2380 in
974 2308 1306 2382 excommunicatione
1333 2309 1502 2404 persistat,

319 2459 379 2508 vos
397 2443 517 2522 tamen,
536 2443 686 2531 tanquam
705 2437 806 2531 ipsius
824 2437 952 2522 familia,
970 2438 1047 2508 dum
1064 2437 1097 2506 in
1117 2435 1251 2508 navibus
1269 2435 1342 2529 ejus
1360 2435 1501 2520 merids,

318 2562 419 2657 ipsius
439 2563 728 2636 excommunicatio
748 2585 812 2635 non
832 2565 1013 2659 continget,
1033 2568 1068 2635 et
1085 2561 1286 2636 excusabiles
1305 2563 1398 2634 erilis
1415 2561 1501 2656 apud

319 2689 435 2770 Deum,
454 2691 493 2775 si,
513 2691 545 2761 in
565 2691 911 2762 excommunicatorum
932 2687 1066 2761 navibus
1084 2689 1272 2773 existentes,
1292 2687 1502 2760 cumdolore

319 2817 427 2888 cordis
446 2816 507 2888 sub
525 2841 584 2912 spe
602 2817 820 2910 poenitentiae
839 2817 1122 2890 excommunicatis
1141 2816 1219 2913 ipsis
1239 2816 1500 2887 communicave-

315 2943 397 3025 ritis,
416 2944 448 3015 in
468 2943 582 3038 quibus
602 2943 859 3016 communionem
879 2967 990 3017 eorum
1009 2943 1219 3040 nequiveritis
1238 2942 1373 3014 evitare.

403 3068 544 3156 Verum,
571 3093 644 3142 cum
663 3071 712 3142 vel
735 3073 767 3142 in
786 3077 909 3142 terram
926 3070 1167 3144 Saracenorum
1190 3068 1240 3140 vel
1259 3069 1496 3164 Hierosolymi-

314 3203 421 3268 tanam
444 3197 643 3291 provinciam
672 3197 713 3269 de
741 3197 874 3270 navibus
902 3220 961 3268 vos
987 3195 1191 3268 descendere
1216 3197 1406 3290 continget,
1434 3198 1495 3267 nisi

313 3321 428 3394 Veneti
447 3323 488 3396 ad
507 3323 770 3396 satisfaciendum
785 3330 818 3396 et
831 3323 1053 3418 recipiendum
1066 3324 1161 3418 juxta
1173 3323 1310 3394 formam
1325 3321 1496 3394 Ecclesiae

314 3449 528 3521 absolutionis
555 3449 745 3522 beneficium
771 3450 894 3522 inducti
919 3449 1038 3522 fuerint
1063 3450 1112 3522 vel
1139 3449 1315 3543 compulsi,
1346 3423 1421 3522 curn
1449 3453 1496 3522 cis

312 3575 495 3647 nullatenus
523 3577 736 3668 praesumatis
761 3575 918 3670 praelium
937 3577 1065 3648 Domini
1089 3575 1257 3672 praeliari,
1286 3597 1345 3663 ne,
1374 3579 1421 3663 si,
1450 3577 1496 3649 eis

311 3701 504 3774 habentibus
523 3701 642 3797 aliquid
657 3703 698 3774 de
712 3703 928 3788 anathemate,
947 3705 979 3774 in
995 3703 1110 3776 Crucis
1129 3703 1369 3775 insurrexeritis
1389 3705 1494 3775 inimi·

312 3853 381 3914 cos,
401 3852 465 3900 non
480 3829 693 3924 praevaleatis
713 3829 747 3899 in
767 3853 837 3914 eos,
857 3831 915 3901 sed
938 3837 1033 3925 terga
1048 3835 1213 3903 vertentes
1231 3831 1365 3926 fugiatis
1386 3833 1496 3926 potius

312 3962 346 4026 et
365 3955 498 4027 cadatis.
529 3953 611 4027 Nam
629 3955 662 4026 in
680 3955 763 4026 libro
782 3955 886 4028 losue
903 3957 1025 4050 legitur
1045 3963 1108 4028 etc.
1131 4010 1139 4028 .
1158 4009 1167 4027 .
1190 4009 1198 4028 .

400 4081 449 4152 Ne
469 4088 576 4153 autem
599 4081 746 4154 victualia
771 4083 864 4153 vobis
889 4079 1013 4167 desint,
1039 4083 1204 4154 carissimo
1224 4083 1255 4154 in
1275 4081 1409 4155 Christo
1428 4083 1494 4156 lilio

312 4213 425 4281 nostro
440 4208 633 4304 Imperatori
648 4207 1008 4302 Constantinopolitano
1024 4209 1215 4294 scribemus,
1232 4217 1279 4296 ut,
1293 4210 1390 4304 juxta
1405 4212 1495 4305 quod

310 4357 371 4429 per
388 4333 500 4407 literas
518 4360 593 4408 suas
612 4337 705 4408 nobis
725 4337 795 4432 ipse
812 4335 977 4431 promisit,
1003 4336 1152 4408 victualia
1170 4335 1263 4408 vobis
1281 4337 1382 4408 faciat
1401 4337 1493 4410 exbi-

163 4509 165 4512 -
309 4461 391 4533 beri.
421 4461 545 4548 Quodsi
569 4463 681 4535 forsan
704 4461 856 4535 cavebis
878 4463 1088 4559 contingeret
1106 4461 1275 4558 denegari,
1295 4487 1370 4536 curn
1385 4471 1494 4537 tamen

311 4613 368 4660 vos
383 4587 577 4661 devoveritis
596 4587 639 4660 ad
658 4612 827 4661 commune
840 4589 1029 4684 obsequium
1040 4589 1202 4675 crucifixi,
1222 4591 1317 4684 cujus
1333 4597 1386 4663 est
1400 4599 1493 4665 terra
