3130 5082
389 354 629 411 Cunrsonnnnrnu
642 355 809 412 Eurnnnnrs
821 357 919 410 lurra.
1164 343 1234 416 111

67 537 97 602 et
111 552 253 625 presens
271 533 386 600 nostre
405 527 590 598 screnitatis
609 526 836 622 chrysobolum
858 527 961 600 sterni
979 526 1093 610 debet,
1122 534 1239 619 quate-

67 681 122 728 nus
141 665 178 728 et
194 659 258 728 bec
277 657 463 750 optineant,
483 654 569 724 sicut
586 661 621 724 ct
640 678 703 748 qne
727 655 818 748 prius
836 679 855 726 a
874 677 1004 748 semper
1029 653 1239 726 memorando

68 785 263 879 imperatore
282 789 317 854 et
335 806 397 854 auo
417 781 545 874 lmperij
566 782 671 852 nostri
690 781 736 854 eis
756 781 831 854 data
850 787 942 865 sunt,
969 783 1095 854 seruire
1115 782 1241 854 deben-

67 912 160 994 trbns,
180 918 218 982 ut
231 911 615 1004 superiusmonatratum
635 914 698 980 est.

149 1037 384 1110 Determinatio
403 1036 503 1130 igitur
522 1059 649 1120 corum,
670 1061 732 1130 que
751 1061 810 1131 per
828 1035 1059 1131 chrysobolum
1078 1036 1241 1130 presentis

68 1166 174 1260 scripti
195 1166 243 1236 eis
263 1165 382 1236 collata
400 1171 488 1248 sunt,
507 1161 607 1234 babet
625 1165 690 1234 sicr

149 1291 268 1384 Incipit
293 1290 334 1360 ab
360 1293 429 1384 ipsa
448 1289 541 1384 Vigla
566 1297 601 1361 et
624 1291 774 1385 procedit
800 1313 913 1361 versus
938 1291 1107 1364 orientem.
1137 1290 1244 1362 Tenet

69 1418 226 1490 embolum
252 1425 287 1492 et
312 1441 375 1512 qne
398 1442 513 1491 versus
544 1418 800 1510 septentrionem
827 1424 862 1488 et
886 1417 1051 1489 meridiem
1075 1425 1151 1490 sunt
1171 1439 1244 1490 cum

68 1545 193 1640 solarijs
212 1543 415 1628 habitacula,
440 1551 474 1616 ct
492 1545 642 1638 procedit
666 1569 769 1638 usquc
794 1546 834 1616 ad
858 1546 1014 1616 fornicem
1034 1547 1244 1640 conjunctum

68 1697 155 1745 muro
174 1671 345 1766 hospitalis
364 1673 469 1742 sancti
488 1671 653 1756 Marciani,
672 1673 951 1766 comprehendens
971 1681 1005 1745 ct
1022 1673 1106 1756 loca,
1126 1673 1158 1744 in
1174 1673 1246 1766 qui·

7 1891 8 1894 Ἴ
67 1799 121 1872 bus
139 1805 233 1872 stant
251 1807 328 1872 octo
348 1799 601 1872 numulariorum
622 1800 742 1872 tabule.
773 1799 930 1872 Ascendit
948 1801 1110 1894 p'aululum
1128 1823 1245 1872 uersus

7 1895 10 1916 ’
68 1928 230 2000 meridiem
255 1925 296 1998 ab
324 1927 394 2021 ipsa
412 1926 517 2020 Vigla.
548 1926 655 1998 Tenet
673 1927 713 1998 ad
732 1927 893 1999 modicum
913 1935 948 2000 et
965 1927 1049 1998 alind
1072 1928 1246 2011 embolum,

69 2063 98 2126 ct
120 2055 274 2149 pervenit
297 2078 402 2150 usque
427 2055 468 2125 ad
494 2055 629 2148 primum
647 2057 805 2126 lornicem
824 2056 969 2126 eiusdem
994 2055 1127 2138 emboli,
1153 2077 1245 2126 com·

7 2157 9 2246 l
68 2181 271 2274 prehendens
289 2182 502 2254 triclinariunr
520 2180 619 2252 altum
635 2181 827 2254 domicilium
844 2182 916 2254 llili.
946 2182 1067 2254 Versus
1086 2183 1246 2254 orientem

68 2311 210 2382 eiusdem
237 2309 356 2380 emboli
381 2307 560 2378 secundum
586 2308 667 2380 duas
695 2315 807 2402 partes
834 2309 983 2380 humilem
1010 2308 1248 2380 domaniculam

68 2461 136 2510 cum
162 2437 279 2510 acclini
304 2441 395 2508 tecto
421 2435 566 2508 eiusdem
591 2437 800 2530 monasterij,
829 2443 863 2508 et
881 2461 944 2533 que
970 2438 1002 2508 in
1022 2435 1127 2529 equali
1151 2435 1248 2530 hujus

68 2573 127 2650 est,
146 2565 310 2636 modicam
325 2563 459 2646 curiam,
479 2585 541 2656 que
554 2563 672 2634 dicitnr
685 2563 831 2649 bristini,
854 2571 888 2635 ct
901 2564 1001 2636 babet
1013 2563 1248 2658 longitudinem

68 2691 276 2765 brachiorum
295 2699 374 2764 octo
395 2713 468 2763 cum
488 2689 617 2762 dimidio
638 2700 672 2762 et
690 2691 890 2764 latitudinem
906 2697 1031 2786 septem
1046 2715 1119 2762 cum
1133 2691 1248 2763 tercia.

68 2818 183 2892 Preter·
202 2843 253 2906 ea,
274 2844 338 2914 quc
357 2825 434 2890 sunt
451 2841 568 2888 uersus
588 2820 746 2890 orientem
765 2819 947 2890 habitacula
961 2819 1087 2890 diaconi
1107 2821 1250 2892 Precur-

69 2948 163 3030 soria,
185 2945 378 3018 debentibus
397 2943 543 3017 obturari
565 2947 675 3038 januis
693 2946 878 3039 hujusmodi
897 2945 1164 3030 habitaculorum,
1189 2971 1253 3040 que

69 3073 211 3144 educunt
230 3075 260 3143 in
281 3073 481 3144 manifestam
496 3073 630 3143 curiam.
659 3073 782 3144 Versus
797 3073 979 3166 aquilonem
992 3073 1055 3144 tria
1070 3075 1253 3168 ergasteria

72 3200 318 3285 cerulariorum,
344 3199 478 3271 icanati
499 3198 581 3270 duas
600 3200 772 3284 stationes,
792 3201 824 3272 in
844 3201 961 3293 quibus
980 3207 1014 3271 ct
1032 3201 1105 3272 loca
1123 3201 1251 3273 tabula-

71 3349 137 3398 rum
173 3328 310 3398 duarum
346 3326 598 3400 numulariorum
632 3327 774 3403 eiusdem
807 3327 997 3421 monasterij
1026 3329 1102 3400 llili.
1139 3329 1254 3422 lncipit

73 3477 198 3526 rursum
217 3455 257 3526 ab
276 3457 348 3549 ipso
368 3455 497 3526 fornice
515 3454 652 3548 predicti
671 3453 855 3548 hospitalis;
885 3460 976 3526 tenet
987 3455 1146 3548 publicam
1156 3456 1252 3540 viam,

74 3605 131 3674 que
145 3606 265 3654 uersus
279 3605 432 3678 occasura
447 3589 499 3653 cst
514 3579 657 3652 eiusdem
671 3579 850 3675 hospitalis,
870 3587 903 3652 et
920 3555 1132 3674 progreditur
1150 3603 1254 3674 nsque

75 3709 110 3779 ad
126 3716 270 3803 portam,
292 3733 355 3803 que
375 3717 426 3781 est
440 3713 534 3802 juxta
553 3732 689 3801 paruum
709 3709 862 3802 templum
881 3707 1103 3780 Precursoris.
1132 3709 1255 3778 Exinde

75 3855 183 3908 narrans
202 3835 369 3907 dimittens
387 3842 660 3930 premonstratam
679 3842 826 3930 portam,
849 3836 940 3928 quasi
959 3859 1076 3908 uersus
1096 3838 1255 3908 orientem

75 3964 188 4034 transit
204 3987 266 4058 per
285 3986 411 4034 murum
431 3963 589 4046 civitatis,
610 3970 643 4033 et
663 3964 810 4056 pervenit
828 3987 932 4056 usque
950 3963 990 4034 ad
1009 3965 1172 4046 semitam,
1192 3987 1255 4056 que

78 4088 185 4162 diridit
203 4091 283 4185 jura
315 4092 504 4184 monasterij
534 4089 725 4160 Akimitero.
761 4091 884 4162 Exinde
916 4091 1064 4162 ascendit
1095 4091 1256 4163 modicum

79 4237 190 4288 uersus
209 4187 396 4302 meridiem,
425 4223 541 4288 tenens
560 4217 694 4288 eandem
712 4217 873 4311 publicam
892 4219 1057 4302 semitam,
1083 4216 1255 4288 habentem

80 4341 106 4410 in
118 4343 288 4415 latitudine
306 4344 440 4416 brachia
454 4345 528 4430 tria,
548 4350 582 4414 et
596 4349 633 4414 ut
643 4343 765 4416 dictum
779 4351 842 4427 est,
863 4344 1057 4416 dividentem
1071 4345 1256 4418 mansiones

81 4469 264 4564 monasterij
285 4471 486 4556 Akimitero,
515 4479 548 4543 ct
572 4472 764 4564 perveniens
790 4495 893 4564 usqne
919 4471 960 4540 ad
982 4472 1078 4541 linem
1104 4472 1256 4566 domicilij

80 4595 211 4668 ecclesie
221 4596 407 4678 Periclenti,
422 4599 466 4670 ita
476 4604 643 4668 utamnro
655 4596 793 4668 civitatis
807 4620 867 4691 per
877 4597 1083 4692 equalitatem
1098 4597 1257 4678 eiusmodi
