3130 5078
291 345 368 416 490

291 541 357 604 ηοω
382 519 437 585 sub
460 520 547 604 ipsis.
571 519 609 583 Et
631 519 736 584 civitas
752 519 858 584 Adria-

292 629 426 714 nopolis,
456 650 523 694 enm
541 629 694 702 omnibus,
722 647 787 714 quae
804 629 859 692 sub

289 741 365 823 ipse.
406 739 588 804 Pertinentia
625 738 711 802 Geni.
751 735 858 800 Cnsnle

260 893 261 896 κ
292 845 530 931 Chorteeopolis.
566 846 682 921 Cassiis
714 846 859 922 Choiriei,

291 955 860 1040 CerasiorurnMyriophyti.Pertinen·

291 1067 331 1128 tis
348 1065 522 1129 Peristesis.
554 1065 736 1129 Pertinentie
762 1065 858 1127 Bren-

291 1175 403 1238 ehislii.
444 1173 562 1238 casalia
596 1174 634 1238 de
666 1171 797 1238 Raulntis
830 1179 860 1236 et

292 1283 496 1348 Hexnntilium.
526 1284 697 1367 Emporium
717 1282 857 1365 Sagudae.

291 1392 477 1456 Pertinentia
510 1391 680 1477 Callipolis,
716 1392 798 1455 Lern
830 1395 861 1454 et

292 1501 395 1564 Laetu.
417 1501 599 1565 Pertinentie
616 1502 654 1566 de
671 1499 859 1564 Mentimenis

293 1617 324 1672 et
337 1611 542 1694 Sigopntanro,
556 1629 622 1674 eunt
636 1609 859 1694 omnibusque

293 1716 348 1781 sub
365 1717 450 1802 ipsis.

297 2225 387 2290 Pers
405 2225 574 2290 secunde
591 2223 861 2290 donniniDueis

339 2341 376 2399 et
399 2333 617 2398 Communis
641 2333 822 2399 Venetite.

362 2480 519 2546 Provincia
536 2480 783 2552 hneedaemnniae,
803 2481 860 2543 rni-

294 2609 345 2654 era
356 2595 387 2654 et
398 2589 508 2671 megeli
519 2589 723 2674 episeepsisi.
733 2609 759 2653 e.
770 2609 860 2674 parve

189 2780 191 2785 .
295 2705 325 2763 et
341 2720 447 2782 magna
464 2699 653 2784 pertinentia.
677 2699 861 2762 Pertinentia

296 2805 454 2872 celebriis.
473 2805 630 2873 Ostrobns.
648 2806 753 2873 Oreos.
769 2806 862 2890 Cary-

295 2923 369 2981 stus.
393 2917 522 2982 Andros.
547 2918 660 3001 Aegina
684 2923 715 2980 et
731 2917 860 2981 Cuiuris.

295 3027 465 3112 Zacynthus
499 3031 529 3089 et
557 3025 749 3110 cephaleniae.
785 3027 860 3089 Pro·

294 3136 392 3199 vincia
421 3133 553 3200 Colonia·
581 3155 645 3199 curn
668 3132 860 3220 Cycladibus.

295 3227 403 3308 Naxos.
428 3245 609 3308 Pertinentia
627 3243 778 3307 Lebinthi.
802 3242 862 3308 Ho-

294 3353 369 3418 riunt
387 3353 540 3418 Petreium
557 3359 588 3417 et
607 3353 770 3426 Methone,
795 3371 861 3416 eunt

296 3462 431 3528 omnihus
449 3462 521 3536 suis,
539 3465 658 3528 scilieet
674 3460 862 3546 pertinentiis

296 3573 410 3636 Branae.
444 3571 628 3638 Pertinentie
652 3570 861 3642 Cantnenneni

296 3687 327 3745 et
350 3701 416 3744 eunt
442 3679 520 3745 viliis
543 3682 631 3764 ityree
656 3681 764 3754 irenae,
793 3677 861 3742 nne

295 3789 487 3874 imperatoris
504 3791 565 3876 Kyr
579 3789 686 3867 nterii,
703 3809 767 3853 eurn
784 3788 862 3852 villis

296 3899 439 3970 Molineti.
457 3897 679 3965 Pantoeretoris
696 3905 726 3962 et
742 3903 862 3964 eetero-

295 4028 359 4072 rum
373 3988 631 4080 monasteriorum.
644 4014 675 4072 et
686 4007 863 4093 quibusdem

296 4117 386 4190 villis,
411 4138 477 4203 quae
494 4123 564 4183 sunt
586 4119 616 4181 in
637 4119 721 4202 ipsis,
745 4117 864 4181 seilicet

297 4229 391 4292 miere
416 4234 447 4292 et
469 4227 578 4310 megnli
603 4227 774 4314 episeepsi,
797 4229 816 4291 i.
835 4249 862 4290 e.

297 4359 388 4424 parva
411 4342 442 4400 et
463 4358 569 4422 magns
590 4336 783 4422 pertinentia.
808 4335 864 4400 Ni-

298 4447 428 4532 copolis,
461 4468 528 4510 eunt
556 4447 744 4532 pertinentiis
772 4447 862 4520 Arte.

296 4557 436 4629 Acheloi,
472 4557 633 4629 Anatoiiei,
668 4555 861 4620 Lesianorurn

699 353 836 408 Pnnrrrro
853 367 940 406 nessi
954 350 1075 405 Gesner.

914 529 950 599 τῇ
976 517 1057 580 πόλει
1089 513 1255 595 Ῥαιδέστῳ
1284 517 1480 598 καίΠανίῳ,

915 628 966 688 σὺν
998 637 1074 688 πᾶσι
1104 636 1168 698 τοῖς
1193 625 1243 688 ὑπ’
1272 629 1388 698 αὐτοῖς.
1422 629 1482 688 Καί

917 733 1168 820 Ἀδριανοόπολις
1196 733 1298 810 πόλις,
1329 741 1382 798 σὺν
1406 745 1479 797 πᾶσι

913 853 977 916 τοῖς
992 841 1043 906 ὑπ’
1061 848 1149 926 αὐτῇ.
1179 844 1354 927 Ἐπίσιιεψις
1372 845 1481 908 Γάνον.

913 955 955 1016 Τό
986 960 1100 1040 χωρίον
1133 953 1397 1039 Χορτοκοπόλεως.
1435 957 1480 1015 Τά

914 1069 1016 1148 χωρία
1032 1065 1178 1150 Χοιρίκου
1195 1070 1244 1125 καί
1257 1065 1480 1149 Κορασίωνκαί

914 1172 1118 1260 Μυριορότου.
1142 1173 1319 1254 Ἐπίσκεψις
1334 1173 1480 1257 Περισσά-

914 1301 1002 1353 σεως.
1050 1283 1225 1364 Ἐπίσκεψις
1257 1283 1477 1367 Βραγχισιλίου.

914 1391 963 1452 Τά
991 1396 1095 1476 χωρία
1120 1402 1181 1453 τῶν
1210 1391 1409 1454 Ῥαουλάτων
1434 1397 1483 1454 καί

918 1495 1100 1581 Ἑξαμίλιον.
1128 1501 1171 1562 Τό
1194 1503 1336 1586 ἐμπόριον
1359 1502 1480 1584 Eupori-

915 1605 982 1679 δης.
1025 1609 1201 1690 Ἐπίσκεψις
1232 1609 1480 1681 Καλλιουπόλεόις

914 1740 946 1778 τε
968 1723 1017 1780 καί
1033 1715 1138 1792 nattes
1162 1725 1211 1780 καί
1230 1721 1365 1782 Λάκιον.
1395 1719 1481 1780 Ἐπί-

915 1827 1017 1908 σκιψις
1039 1837 1100 1888 τῶν
1116 1827 1338 1911 Μουντιμάνων
1361 1835 1414 1889 καί
1429 1827 1481 1888 Σι-

914 1939 1110 2019 γοπόταμος,
1142 1939 1195 1998 σὺν
1228 1947 1303 1999 πᾶσι
1335 1947 1400 2009 τοῖς
1430 1933 1481 1998 ὑπ’

916 2047 1030 2116 αὐτοῖς.

918 2223 956 2286 Ὅ
974 2223 1158 2310 δεύτερος
1173 2225 1312 2312 κλῆρος
1327 2234 1394 2287 τοῦ
1409 2233 1476 2310 κῡρ

916 2335 1063 2406 Δουκός
1085 2341 1232 2406 καὶτῆς
1255 2339 1480 2408 κοινότητος

1054 2456 1120 2516 τῆς
1142 2445 1340 2516 Βενετίας.

983 2591 1024 2652 Τό
1053 2590 1140 2672 δόμοι
1167 2586 1431 2672 Λακεδαιμονίοις,
1461 2594 1478 2661 ί,

914 2703 1006 2784 μικρὰ
1037 2705 1086 2780 καί
1116 2703 1135 2770 ἡ
1166 2697 1285 2782 μεγάλη
1318 2699 1477 2782 ἐπίσκεψις.

918 2808 1093 2889 Ἐπίοκεψις
1109 2805 1322 2894 Καλαβρίτης.
1349 2807 1480 2893 Ὀστρο-

915 2915 983 2999 βος.
1004 2917 1122 3001 Ὠρεός.
1146 2917 1319 3001 Κάρυστος.
1338 2916 1480 3002 Ἀνδρος.

914 3028 1024 3110 Αἴγινα
1056 3032 1105 3087 καί
1131 3023 1281 3108 Σαλαμίς.
1320 3026 1482 3096 Ζάκυνθος

915 3141 964 3196 καί
987 3133 1174 3221 Κεραληνία.
1201 3137 1243 3196 Τό
1266 3135 1355 3218 Septa
1377 3136 1481 3199 Κολω-

915 3249 984 3314 νίας
1011 3246 1064 3306 σὺν
1092 3253 1161 3315 ταῖς
1188 3242 1332 3306 Κυκλάσι.
1367 3240 1480 3318 Νάξος.

918 3353 1091 3434 Ἐπίσκεψις
1107 3351 1278 3436 Λεβίνθου.
1297 3353 1406 3438 Ὅριον
1419 3354 1484 3414 Πα·

915 3471 995 3546 τρῶν
1012 3469 1061 3524 καί
1073 3461 1239 3538 Μεθώνης,
1259 3469 1310 3526 σὺν
1328 3472 1406 3524 πᾶσι
1422 3471 1483 3533 τοῖς

916 3573 1028 3642 αὐτῶν,
1045 3575 1138 3655 ἤμουν
1153 3579 1205 3634 σὺν
1223 3581 1292 3644 ταῖς
1308 3581 1362 3633 τοῦ
1375 3573 1480 3658 Βράνα

915 3679 1110 3762 ἐπισκέψεσιν.
1150 3681 1326 3764 Ἐπίσκεψις
1358 3683 1483 3744 Καντα-

915 3789 1070 3863 κουζηνοῦ,
1095 3792 1147 3852 σὺν
1171 3801 1234 3862 τοῖς
1254 3798 1412 3876 μετοχίοις
1428 3803 1482 3862 τῆς

915 3904 1010 3984 κόρας
1040 3900 1190 3984 Εἰρήνης,
1236 3899 1405 3985 θυγατρός
1435 3909 1485 3962 τοῦ

916 4011 1140 4094 αὐτοκράτορος
1167 4018 1220 4094 κῡρ
1250 4003 1409 4083 Ἀλεξίου,
1435 4015 1485 4070 σὺν

915 4127 978 4188 τοῖς
994 4124 1149 4204 μειοχίοις
1165 4127 1217 4179 τοῦ
1234 4117 1417 4195 Μολινήτου,
1435 4127 1486 4180 τοῦ

916 4249 946 4287 τε
962 4227 1214 4314 Παντοκράτορος
1230 4235 1279 4289 καί
1296 4237 1357 4290 τῶν
1374 4227 1484 4290 λοιπῶν

916 4343 1143 4423 μοναστηρίων,
1172 4343 1222 4399 καί
1249 4359 1307 4399 τισι
1329 4344 1485 4424 μετοχίοις

916 4453 979 4516 τοῖς
996 4448 1025 4508 ἐν
1043 4449 1157 4523 αὐτοῖς,
1178 4450 1272 4531 ἤγουν
1289 4459 1326 4529 τῇ
1343 4457 1440 4534 μικρᾷ
1455 4467 1483 4508 τε

916 4556 966 4616 καί
988 4555 1106 4640 μεγάλη
1133 4555 1291 4638 ἐπισκέψει.
1316 4555 1486 4642 Νικόπολις,
