3110 5080
294 353 370 426 384
589 370 782 426 Parvrnaoruu
795 369 900 426 Laurus
914 371 935 426 u
948 373 1059 427 :tanam
1073 389 1166 428 nasis.

295 535 425 621 debeat,
446 539 597 632 seuquid
615 565 714 636 super
732 541 796 635 hijs
814 543 976 615 brcturum
995 545 1056 627 sit3
1077 552 1110 617 et
1128 545 1307 616 secundum
1326 551 1470 630 tenorem

295 665 436 758 ipsarum
467 666 646 738 litterarum
675 669 815 764 predicti
841 671 941 741 Ducis
966 671 1150 743 mandatum
1171 672 1212 742 de
1235 673 1334 744 rebus
1363 671 1476 742 mortui

295 793 365 862 sine
384 793 490 887 aliqua
510 797 770 868 contradictione
791 799 1015 892 adimpleatur.

385 923 540 994 Concedo
567 931 718 1018 preterea
739 933 772 997 et
791 926 877 1012 volo,
904 933 955 1010 ut,
983 930 1010 998 si
1029 929 1136 1022 aliqua
1155 931 1321 1000 contentio
1343 929 1394 1000 rel
1414 929 1477 1000 dis-

296 1048 407 1121 cordia
432 1049 464 1120 in
490 1058 580 1122 terra
604 1075 675 1122 mea
698 1054 783 1124 inter
801 1053 945 1126 Venetos
971 1057 1159 1141 emerserit,
1186 1063 1222 1128 ut
1247 1081 1307 1150 per
1326 1055 1476 1139 Venetos,

295 1176 322 1244 si
341 1177 562 1262 interfuerint,
583 1179 791 1262 emendetur;
820 1183 874 1275 qui
893 1183 921 1253 si
940 1182 1093 1254 absentes
1111 1185 1245 1266 fuerint,
1265 1185 1298 1254 in
1316 1185 1476 1278 presentia

295 1303 434 1396 predicti
468 1304 662 1375 uenerabilis
699 1306 934 1402 archiepiscopi
968 1311 1038 1382 siue
1077 1335 1308 1383 successorum
1347 1335 1476 1384 suorum

296 1431 617 1527 archiepiscoporum
635 1435 746 1526 previa
764 1436 891 1507 ratione
910 1437 1110 1510 emendetur.

387 1560 512 1646 Quodsi
526 1559 632 1654 aliqua
647 1563 813 1633 contentio
828 1563 878 1634 rel
892 1564 1055 1636 discordia
1074 1565 1218 1636 mortalis
1238 1568 1323 1637 inter
1337 1567 1476 1640 Venetos

296 1693 331 1758 et
346 1711 566 1781 quascumque
579 1696 698 1783 gentes
713 1692 895 1776 emerserit,
911 1697 945 1762 et
959 1715 1048 1763 mors
1062 1693 1170 1765 subito
1185 1693 1324 1764 hominis
1339 1695 1474 1776 irruerit,

295 1815 328 1884 in
356 1813 459 1908 regali
488 1816 578 1886 curia
605 1839 676 1887 mea
703 1841 764 1910 per
791 1817 918 1889 iusticie
947 1821 1144 1892 sentenciam
1170 1821 1362 1904 decidatur;
1397 1821 1476 1893 etsi

296 1941 401 2036 aliqua
420 1943 479 2014 alia
500 1945 666 2016 contentio
686 1945 737 2015 rel
757 1945 920 2017 discordia
939 1948 1025 2018 inter
1043 1947 1187 2020 Venetos
1207 1955 1241 2019 et
1260 1973 1475 2043 quascumque

298 2078 417 2164 gentes
443 2073 628 2158 emerserit,
653 2073 802 2144 similiter
824 2075 855 2144 in
883 2073 988 2169 regali
1006 2075 1097 2147 curia
1115 2099 1185 2146 mea
1205 2099 1265 2170 per
1284 2075 1389 2171 iuditij
1408 2100 1478 2147 sen·

297 2200 431 2270 tentiam
449 2199 589 2271 finiatur.

388 2327 491 2398 Omne
505 2329 554 2396 ius
568 2327 800 2398 Veneticorum
819 2335 971 2422 tanquam
990 2353 1095 2401 meum
1114 2331 1282 2426 proprium
1302 2331 1478 2404 observabo

299 2461 332 2525 et
351 2455 584 2538 manutenebo,
605 2461 639 2525 et
657 2479 676 2526 a
696 2455 913 2527 creditoribus
933 2459 999 2527 suis
1018 2456 1202 2529 bominibus
1222 2459 1304 2529 meis
1324 2459 1372 2530 eis
1392 2460 1480 2530 iusti·

299 2583 380 2652 ciam
399 2583 527 2676 plenam
545 2583 665 2653 exiberi
685 2583 812 2654 faciam.

390 2709 544 2780 Concedo
564 2710 703 2801 denique
722 2715 757 2779 et
776 2709 863 2781 dono
882 2733 943 2804 pro
964 2709 1069 2781 salute
1088 2711 1194 2782 anime
1212 2735 1284 2782 mcc
1304 2711 1480 2806 predeces-

300 2859 475 2930 sorumque
495 2859 639 2906 meorum
659 2836 824 2908 Veneticis
843 2839 874 2906 in
894 2837 1026 2909 civitate
1044 2831 1237 2932 Mamistri¹)
1262 2840 1434 2911 ecclesiam
1452 2845 1481 2909 et

298 2963 449 3034 victualia
475 2987 536 3059 pro
563 2963 789 3035 sacerdotibus
815 2971 849 3035 et
874 2964 994 3036 clerico
1021 2965 1160 3036 ecclesie
1188 2967 1428 3049 servientibus,
1453 2971 1483 3036 et

298 3091 462 3162 fundicum
489 3091 529 3162 ad
557 3091 743 3185 ponendum
771 3113 825 3162 res
854 3099 888 3163 et
913 3093 1121 3165 mercimonia
1149 3117 1227 3177 sua,
1257 3100 1291 3164 et
1316 3093 1426 3166 locum
1445 3093 1480 3164 ad

298 3219 533 3290 hedificandam
557 3219 698 3290 domum.

389 3347 432 3418 Vt
451 3353 559 3418 autern
583 3371 719 3441 presens
738 3347 945 3440 priuilegium
963 3349 1087 3419 firmum
1106 3353 1296 3441 permaneat
1316 3355 1350 3420 et
1368 3350 1481 3420 incon·

300 3475 440 3559 vulsum,
461 3476 592 3570 propria
611 3498 706 3545 manu
725 3473 835 3546 rubeis
853 3474 971 3546 litteris
989 3475 1171 3548 Armenicis
1190 3474 1267 3546 illud
1286 3475 1432 3570 signavi,
1451 3479 1482 3544 et

300 3603 404 3697 regali
432 3601 539 3697 sigillo
567 3624 667 3672 aureo
695 3600 774 3672 iilud
802 3601 917 3672 muniri
945 3608 978 3672 et
1004 3601 1214 3673 corroborari
1236 3602 1322 3688 feci,
1352 3609 1388 3674 et
1406 3601 1483 3673 sub·

300 3732 497 3824 scriptorum
515 3730 648 3800 testium
667 3729 902 3823 approbatione
921 3729 1116 3800 confirmari.

1549 3715 1551 3732 Ι

1549 3743 1551 3764 t

392 3859 545 3929 Concedo
572 3863 605 3928 et
628 3857 723 3938 volo,
747 3863 784 3927 ut
810 3879 923 3927 omnes
947 3855 1092 3927 Venetici
1119 3855 1261 3927 habeant
1287 3861 1482 3950 potestatem
1549 3815 1551 3932 i

301 3985 406 4055 standi
431 3985 509 4056 salvi
530 3991 563 4055 et
582 3985 688 4054 securi
709 4007 782 4055 curn
802 3983 948 4054 omnibus
974 3983 1067 4054 bonis
1087 3983 1172 4068 suis,
1202 3983 1352 4076 quamdiu
1371 3983 1481 4055 rolue-
1548 4015 1551 4084 ἓ

300 4113 375 4196 rint,
395 4113 428 4181 in
448 4111 533 4183 omni
551 4117 641 4182 terra
660 4131 732 4181 mea
750 4117 783 4182 et
800 4133 862 4205 per
879 4115 982 4180 totam
1001 4117 1122 4180 terram
1142 4133 1255 4181 meam.

1549 4097 1551 4180 t

390 4239 525 4310 Factum
552 4243 602 4307 est
626 4236 691 4308 hoc
716 4235 915 4329 privilegium
943 4243 976 4307 et
1004 4236 1113 4306 datum
1142 4259 1202 4330 per
1228 4261 1341 4307 manus
1366 4235 1477 4307 domini

300 4365 473 4450 iohannis,
504 4363 695 4435 venerabilis
724 4361 960 4456 archiepiscopi
988 4363 1146 4448 Sisensis‚
1175 4363 1308 4434 illustris
1334 4363 1477 4435 Armenia

302 4515 624 4527 ——-..-—-——

330 4593 355 4666 ¹)
376 4593 542 4648 binmistai
561 4593 609 4646 LP.
632 4589 695 4644 til.
