3130 5082
286 333 359 404 128
534 345 681 398 Srnrurur
694 344 817 400 Caranus
831 361 967 400 resumo
982 361 1155 400 nusonosuu
1170 344 1216 400 Cr.

370 515 510 585 Constat
521 515 603 585 enim
614 537 666 585 me
677 515 717 586 ab
737 515 835 586 bodie
849 517 909 586 sub
925 515 1025 610 duplo
1042 515 1118 608 (re)
1131 515 1317 586 uendidisse
1327 515 1381 607 (ct
1392 536 1473 584 vcn-
1563 531 1564 536 ’

283 640 368 731 didi)
395 647 494 733 atque
512 641 686 712 tradidisse
712 639 886 733 (tradidi),
915 644 1037 735 optimc
1065 649 1098 713 et
1125 643 1276 713 absolute
1295 643 1367 712 sine
1387 639 1474 711 omni

281 767 557 861 reprehensione,
594 768 652 837 tibi
686 769 834 860 quidem,
869 769 988 840 domno
1021 771 1121 840 Petro
1154 769 1334 851 monacbo,
1368 767 1474 837 Priori

283 920 310 964 s.
331 894 450 975 ltlarci,
476 895 582 964 nostri
602 895 721 964 emboli
741 895 782 964 de
803 895 1102 988 Constantinopoli,
1128 901 1163 966 et
1179 897 1245 965 tuis
1264 893 1475 964 successori-

282 1020 344 1090 bus
377 1045 437 1091 seu
468 1022 612 1114 posteris
645 1021 729 1118 tuis,
764 1021 795 1090 in
823 1029 1016 1118 perpetuum
1044 1009 1295 1115 possidendum,
1329 1019 1396 1090 boc
1425 1025 1478 1088 est

284 1153 401 1217 cuncta
417 1153 451 1216 et
464 1170 563 1239 super
582 1152 654 1217 tota
673 1147 727 1218 illa
746 1171 817 1217 mea
836 1155 936 1233 terra,
953 1171 1049 1241 quam
1069 1171 1133 1242 ego
1146 1148 1310 1242 quondam
1323 1153 1478 1239 tempore

283 1275 468 1367 comparavi
500 1276 532 1344 in
564 1273 713 1345 barmiro
743 1275 784 1345 dc
812 1275 925 1347 Nicola
953 1275 1078 1360 Pillari,
1112 1278 1219 1347 Greco
1239 1273 1426 1344 habitatore
1445 1273 1477 1342 in

284 1401 402 1471 codem
422 1401 563 1484 Armiro,
591 1424 651 1494 per
671 1403 828 1472 cartulam
849 1403 957 1472 Grece
982 1403 1149 1496 scriptam,
1177 1403 1262 1472 utin
1283 1421 1322 1470 ea
1340 1399 1478 1492 legitur,

284 1533 317 1597 et
345 1551 419 1598 cum
448 1529 597 1598 omnibus
626 1529 693 1598 suis
719 1529 941 1602 mansionibus
970 1536 1003 1598 et
1027 1529 1180 1612 edificiis,
1208 1551 1272 1620 que
1291 1549 1357 1619 ego
1377 1548 1480 1618 super

284 1655 421 1724 eandem
439 1659 561 1724 terram
579 1653 650 1724 lieri
668 1656 743 1737 feci,
763 1661 796 1724 et
815 1677 889 1724 cum
908 1655 1057 1725 omnibus
1077 1657 1145 1724 suis
1164 1653 1325 1724 babentiis
1345 1660 1379 1722 et
1398 1675 1480 1744 per·

282 1780 439 1858 tinentiis,
468 1781 556 1850 intus
586 1785 619 1850 ct
646 1781 739 1862 loris,
769 1805 898 1852 sursum
926 1788 960 1851 et
988 1782 1153 1864 deorsum,
1184 1805 1248 1874 que
1272 1787 1338 1850 tam
1359 1778 1480 1848 subtus

283 1914 417 1989 terram,
439 1929 535 1998 quam
555 1929 653 1999 supra
673 1912 794 1976 terram
814 1907 932 1977 ibidem
953 1908 1070 1978 adesse
1083 1913 1276 1990 noscuntur,
1296 1904 1481 1976 secundum

286 2033 375 2126 quod
390 2033 433 2104 ibi
448 2031 480 2101 in
494 2032 641 2103 Larmiro
658 2034 766 2124 posita
781 2041 848 2114 est;
871 2057 936 2103 runo
956 2057 1017 2103 suo
1033 2035 1139 2126 capite
1153 2036 1302 2104 firmante
1321 2033 1352 2101 in
1376 2053 1481 2113 mare,

285 2160 349 2231 alio
379 2183 439 2230 suo
464 2161 571 2252 capite
596 2159 744 2229 tirmante
768 2159 799 2228 in
828 2167 963 2230 terras.
985 2162 1123 2253 Georgii
1150 2161 1191 2230 de
1216 2159 1381 2240 barmiro;
1413 2180 1480 2228 uno

286 2311 346 2357 suo
366 2287 470 2356 latere
485 2288 633 2356 firmante
648 2288 680 2355 in
696 2285 778 2357 calle
794 2287 942 2379 ejusdem
957 2311 985 2356 s.
1001 2289 1149 2380 Georgii,
1171 2287 1282 2358 etalio
1297 2309 1359 2356 suo
1375 2286 1482 2356 latere

285 2415 433 2483 firmante
452 2415 483 2482 in
502 2420 604 2496 terra,
624 2437 687 2507 que
706 2415 767 2484 luit
785 2415 944 2485 Bonilacii
962 2415 1105 2486 Bettani.

378 2541 468 2610 llanc
495 2545 598 2609 totam
627 2540 880 2632 suprascriptam
914 2564 1017 2610 meam
1044 2547 1166 2611 terram
1198 2563 1272 2611 cum
1305 2539 1391 2609 omni
1424 2561 1486 2608 sua

286 2665 493 2758 longitudine
512 2672 545 2736 ct
562 2665 743 2748 latitudine,
764 2689 836 2736 cum
852 2667 1012 2759 capitibus
1033 2674 1065 2737 et
1083 2666 1240 2736 lateribus
1260 2665 1339 2748 suis,
1361 2671 1396 2735 et
1411 2687 1486 2734 cum

288 2793 438 2863 omnibus
464 2792 532 2861 suis
558 2791 779 2862 mansionibus
804 2799 837 2862 et
863 2791 1010 2875 edificiis,
1041 2816 1104 2886 que
1128 2815 1193 2886 ego
1218 2815 1320 2884 super
1345 2791 1486 2865 eandem

287 2926 408 2990 terram
430 2919 499 2988 lieri
526 2917 608 3002 feci,
637 2924 762 2988 etcum
782 2919 931 2988 omnibus
950 2921 1018 2990 suis
1038 2919 1204 2989 babenciis
1223 2925 1257 2988 et
1274 2918 1485 3012 pertinentiis

287 3045 373 3115 intus
403 3051 436 3114 et
462 3045 556 3127 foris,
585 3068 714 3114 sursum
741 3051 774 3115 et
799 3046 972 3128 deorsum,
1002 3068 1085 3138 quae
1109 3051 1176 3116 tam
1204 3046 1320 3114 subtus
1347 3051 1485 3125 terram,

288 3195 383 3266 quam
416 3196 515 3264 supra
543 3177 665 3242 terram
694 3173 735 3242 ibi
765 3173 883 3242 adesse
911 3177 1110 3255 noscuntur,
1145 3172 1232 3241 etsi
1262 3171 1359 3240 etism
1388 3193 1407 3238 a
1432 3192 1486 3238 mc

204 3349 205 3352 =
288 3299 448 3370 hactenus
477 3321 581 3390 usque
606 3298 704 3369 modo
731 3323 889 3392 possessa
909 3305 942 3369 et
961 3300 1125 3397 dominata
1145 3298 1222 3380 fuit;
1252 3297 1297 3366 ita
1316 3321 1356 3366 ea
1376 3296 1486 3366 omnia

289 3427 347 3496 tibi
374 3431 407 3496 et
434 3427 465 3496 in
497 3431 554 3495 tua
584 3424 626 3494 do
656 3433 690 3495 et
721 3429 891 3496 transacto
919 3425 1105 3517 plenissima
1134 3428 1301 3516 potestate
1328 3422 1485 3507 habendi,

288 3553 435 3636 tenendi,
456 3531 628 3632 uendendi,
656 3552 852 3635 dominandi,
879 3551 1064 3622 eomutandi
1085 3555 1118 3619 et
1136 3550 1168 3618 in
1186 3556 1383 3642 perpetuum
1401 3573 1485 3642 pos-

288 3678 431 3761 sidendi,
460 3684 517 3748 aut
536 3678 688 3772 quicquid
708 3678 766 3748 tibi
786 3677 946 3770 placuerit
963 3676 1123 3759 faciendi,
1151 3675 1238 3746 nullo
1268 3677 1325 3747 tibi
1351 3675 1486 3747 bomine

289 3803 548 3876 contradicente.

381 3929 529 4000 Precium
550 3935 660 4000 autem
678 3930 832 4022 placitum
847 3954 886 4000 ac
901 3930 1071 4000 diffinitum
1091 3929 1289 4022 completum
1304 3927 1345 3998 dc
1359 3933 1395 3997 te
1410 3927 1487 3998 inde

289 4058 412 4148 recepi,
439 4081 598 4150 perperos
621 4057 689 4126 auri
713 4057 820 4125 bonos
840 4080 944 4126 novos
963 4062 1118 4150 pesantes
1142 4055 1353 4148 octingentos
1369 4055 1486 4146 uiginti

290 4183 385 4267 duos,
402 4190 435 4254 ct
449 4183 527 4254 nibil
541 4183 617 4253 inde
631 4183 797 4264 remansit,
810 4181 898 4275 quod
913 4189 946 4252 te
959 4183 1095 4276 amplius
1109 4183 1279 4276 requirere
1294 4179 1484 4250 debeamus.

379 4309 516 4403 lnsuper
539 4315 646 4380 autem
674 4309 868 4402 promittens
896 4311 1053 4402 promitto
1079 4309 1155 4394 tibi,
1182 4307 1300 4380 amodo
1328 4307 1360 4376 in
1389 4315 1486 4378 antea

289 4459 393 4530 usquc
413 4435 454 4506 ad
474 4437 615 4528 quinque
641 4457 745 4505 annos
771 4435 975 4528 complectos
1002 4442 1036 4507 te
1063 4435 1236 4506 defensare
1263 4433 1305 4505 ab
1331 4433 1485 4506 omnibus
