3120 5078
293 372 369 444 358
600 386 820 440 Sncenusnrunr
835 400 1002 439 uuurrosusr
1017 385 1166 438 Bnuoornr.

289 557 418 626 scauoir
437 555 560 652 qu'elie
580 559 678 628 estoit
697 580 715 627 a
735 556 833 640 dere,
860 557 888 626 si
906 579 1031 627 comme
1051 578 1135 625 nous
1154 577 1254 624 aruns
1273 553 1321 624 dit
1340 553 1470 624 dessus.

289 685 338 753 [ie
357 707 396 754 ee
413 685 448 754 iu
466 683 487 753 Γ
497 683 677 778 Empereur
697 692 787 755 mout
801 683 923 778 joyeur
938 691 971 754 et
984 705 1126 776 renroya
1142 707 1161 752 a
1175 681 1235 751 ede
1249 687 1282 751 et
1296 680 1340 751 lui
1356 683 1471 751 manda

289 810 342 902 qu'
353 810 415 880 elle
429 813 562 882 venista
575 811 861 904 Constentinople;
883 813 962 880 mais
978 817 1077 904 quant
1090 833 1144 880 ses
1160 832 1328 902 messages
1343 809 1471 877 riurent

288 961 306 1007 a
324 937 422 1022 Aere,
442 939 481 1008 iia
495 937 526 1008 le
540 945 729 1009 trouverent
744 943 862 1020 morte,
882 937 963 1008 dont
977 960 1058 1008 ceux
1074 939 1127 1030 qui
1147 936 1178 1005 le
1192 937 1346 1020 estoicnt,
1361 937 1473 1005 tirreni

287 1072 380 1134 mout
398 1065 607 1136 couroueieu.

796 1207 961 1278 LXXXIX.

285 1329 503 1397 Sacramentum
530 1332 699 1396 nuntiorum
726 1331 876 1412 deliniet,
905 1331 1018 1396 cerritis
1046 1331 1199 1410 flandrie,
1228 1331 1338 1394 iectu
1365 1329 1470 1393 lectito

319 1441 436 1505 domine
452 1443 574 1506 ilenrico
589 1441 740 1521 dardeis,
762 1443 833 1505 ltret
848 1442 978 1520 Venetia,
1002 1461 1055 1526 prs
1072 1441 1209 1524 possesio
1226 1445 1307 1504 terre
1323 1445 1440 1504 mete.

714 1583 745 1636 Α.
759 1581 784 1636 d.
798 1582 877 1644 1201,
891 1601 924 1636 m.
937 1581 1043 1655 Aprilis.

373 1711 433 1775 LA.
452 1712 502 1775 foi.
520 1709 573 1774 24.
600 1709 658 1774 ΒΡ.
676 1712 698 1785 Ι,
724 1711 773 1774 fol.
793 1711 880 1776 142'.
905 1711 1006 1776 Edidit
1021 1712 1079 1774 hoc
1097 1717 1127 1775 et
1142 1731 1207 1796 quae
1224 1715 1390 1794 sequuntur
1406 1709 1466 1774 dus
1550 1718 1551 1721 ’

284 1826 468 1884 sacramenta
485 1819 714 1883 Muratorius
731 1820 768 1883 ad
784 1821 950 1886 Danduium
966 1821 988 1884 l.
1007 1842 1033 1885 c.
1050 1821 1111 1893 xii,
1129 1841 1158 1904 p.
1176 1821 1251 1884 325.

373 1972 531 2070 Quoniam
556 1971 773 2042 nobilissimus
802 1971 956 2043 dominus
978 1977 1091 2043 noster
1123 1969 1321 2052 Balduinus,
1354 1991 1469 2039 eomes

283 2096 489 2167 Flandrensis
501 2103 534 2168 et
548 2099 727 2192 Haynonie,
739 2099 891 2170 diuinitus
906 2101 1082 2194 inspiratus
1092 2099 1200 2169 crucis
1210 2097 1314 2167 sancti
1326 2095 1367 2187 [Ι.
1378 2097 1467 2188 eidi)
1503 2081 1507 2088 ⁵

282 2207 497 2319 signaculum,
513 2225 545 2295 in
560 2227 728 2296 seruitium
743 2227 859 2297 domini
874 2228 1082 2310 transiturus,
1094 2225 1235 2295 humeris
1250 2223 1422 2304 affixisset,
1434 2229 1468 2292 et

282 2353 383 2434 sient,
412 2349 520 2444 quiin
547 2353 672 2421 cunctis
700 2353 837 2446 prouida
863 2353 1099 2424 deliberatione
1128 2351 1296 2446 procedit,
1321 2371 1466 2444 pensare

285 2477 443 2571 cepisset,
466 2477 629 2570 quomodo
654 2485 767 2549 uotum
786 2503 878 2549 suum
897 2479 977 2550 utile
994 2486 1109 2572 posset
1130 2476 1317 2572 adimpleri,
1344 2475 1469 2545 decidit

280 2605 312 2674 in
328 2604 554 2674 eredulitatem
576 2605 656 2689 eius,
685 2605 772 2698 quod
791 2629 809 2676 a
827 2605 915 2676 nullo
940 2607 1087 2700 principe
1114 2604 1216 2678 seculi
1242 2609 1357 2696 posset
1373 2608 1468 2671 terre

279 2729 540 2801 ierosolimitane
559 2737 625 2801 tam
644 2731 833 2815 salubriter,
863 2755 957 2825 quem
982 2757 1043 2827 per
1066 2757 1147 2816 uos,
1173 2731 1303 2802 domine
1323 2729 1467 2798 Henricc

280 2857 439 2942 Dandule,
467 2857 519 2927 dei
537 2859 643 2952 gratia
663 2857 817 2942 Veneeie,
841 2858 1000 2929 Delmatie
1020 2859 1216 2952 Oroatieque
1242 2856 1314 2929 Dur
1339 2855 1466 2938 inclite,

282 2983 467 3054 subueniri:

367 3109 481 3180 Dictus
502 3110 650 3180 dominus
670 3116 784 3180 noster
802 3133 875 3194 nos,
897 3111 1065 3181 Cononem
1081 3111 1122 3180 de
1135 3111 1285 3194 Betunia,
1306 3111 1465 3181 Alardum

278 3235 520 3348 diequereiium,
541 3237 582 3306 ad
601 3237 679 3319 Vos,
704 3241 866 3330 tamquam
886 3236 927 3307 ad
946 3235 1250 3309 christianissimum
1268 3239 1464 3332 principem,

277 3363 469 3434 fiducialiter
496 3363 691 3445 transmisit,
718 3369 754 3432 ut
780 3363 874 3433 uobis
894 3387 933 3433 er
950 3370 1046 3456 parte
1070 3389 1130 3436 sua
1156 3365 1309 3436 deuotius
1337 3364 1466 3458 suppli-
1557 3355 1559 3380 ¹

277 3497 401 3573 cantes,
421 3491 462 3560 ad
480 3496 545 3560 tam
563 3491 650 3584 pium
666 3495 700 3560 ct
713 3490 856 3560 salutare
869 3493 1075 3586 propositum
1090 3498 1239 3562 nostrum
1250 3491 1467 3588 lucanum&

277 3617 445 3688 consilium
474 3618 666 3710 prestaretis
692 3622 726 3688 et
754 3617 921 3698 auxilium;
949 3619 1022 3711 quia
1047 3625 1182 3712 paratus
1209 3625 1322 3689 estse
1350 3625 1386 3689 et
1403 3639 1466 3687 sua

276 3749 388 3814 uestro
414 3742 570 3813 conscilio
596 3766 759 3837 exponere
784 3750 819 3815 et
841 3743 1017 3828 uoluntati,
1044 3751 1079 3815 et
1104 3744 1135 3813 in
1162 3737 1367 3836 omnibns¹),
1397 3768 1466 3837 que

275 3891 374 3960 super
392 3867 456 3938 hoc
474 3870 596 3940 fuerint
614 3872 812 3954 necessaria,
831 3879 944 3941 nestra
962 3871 1147 3965 procedere
1168 3873 1352 3942 uoluntate.

364 3993 443 4065 Cum
458 3995 558 4087 igitur
577 3995 728 4066 destinati
747 3998 788 4067 ad
807 4003 951 4067 uestram
970 3999 1168 4091 presentiam
1187 3999 1405 4079 dedissemus,
1424 4007 1465 4066 et

273 4117 401 4202 literas,
432 4143 511 4212 quas
539 4143 578 4191 ex
605 4129 699 4216 parte
730 4122 806 4194 dicti
836 4123 956 4194 domini
985 4125 1089 4195 nostri
1117 4124 1212 4195 uobis
1239 4125 1464 4218 porreximus,

274 4245 376 4338 hylari
402 4253 435 4318 et
461 4249 604 4339 gratuito
630 4251 821 4344 suscepistis
847 4257 1001 4344 aspectu,
1028 4251 1128 4322 etad
1154 4245 1211 4336 ea,
1239 4255 1466 4345 propterque

275 4374 431 4456 uenimus,
451 4374 631 4446 fauorabile
651 4377 784 4448 dedistis
803 4400 1008 4471 responsum.

299 4580 327 4652 ¹)
349 4581 394 4634 Sic
408 4583 458 4634 LP.
478 4583 506 4634 in
520 4581 572 4636 Ld.
587 4584 769 4656 compendium
783 4585 922 4656 scripture
936 4587 992 4640 iere
1006 4586 1072 4639 hoc:
1092 4588 1168 4658 copi
1178 4589 1242 4641 bus.
