<?xml version="1.0" encoding="UTF-8"?>
<!DOCTYPE html PUBLIC "-//W3C//DTD XHTML 1.0 Transitional//EN"
    "http://www.w3.org/TR/xhtml1/DTD/xhtml1-transitional.dtd">
<html xmlns="http://www.w3.org/1999/xhtml" xml:lang="en" lang="en">
 <head>
  <title>
</title>
<meta http-equiv="Content-Type" content="text/html;charset=utf-8" />
  <meta name='ocr-system' content='tesseract 3.04.00' />
  <meta name='ocr-capabilities' content='ocr_page ocr_carea ocr_par ocr_line ocrx_word'/>
</head>
<body>
  <div class='ocr_page' id='page_1' title='image "./fontesrerumaust07kommgoog_0187.png"; bbox 0 0 3130 5082; ppageno 0'>
   <div class='ocr_carea' id='block_1_1' title="bbox 278 321 1282 409">
    <p class='ocr_par' dir='ltr' id='par_1_1' title="bbox 278 321 1282 409">
     <span class='ocr_line' id='line_1_1' title="bbox 278 321 1282 409; baseline -0.009 -3"><span class='ocrx_word' id='word_1_1' title='bbox 278 337 352 408; x_wconf 76' lang='grc'>164</span> <span class='ocrx_word' id='word_1_2' title='bbox 454 347 576 402; x_wconf 74' lang='lat' dir='ltr'><strong>Minore</strong></span> <span class='ocrx_word' id='word_1_3' title='bbox 589 349 650 402; x_wconf 78' lang='lat' dir='ltr'><strong>ior.</strong></span> <span class='ocrx_word' id='word_1_4' title='bbox 663 364 770 402; x_wconf 76' lang='lat' dir='ltr'><strong>nonnus</strong></span> <span class='ocrx_word' id='word_1_5' title='bbox 783 349 925 404; x_wconf 78' lang='lat' dir='ltr'><strong>Venenum</strong></span> <span class='ocrx_word' id='word_1_6' title='bbox 939 363 1055 409; x_wconf 80' lang='lat' dir='ltr'><strong>nunrrr.</strong></span> <span class='ocrx_word' id='word_1_7' title='bbox 1070 361 1127 400; x_wconf 81' lang='lat' dir='ltr'>mox</span> <span class='ocrx_word' id='word_1_8' title='bbox 1141 321 1282 398; x_wconf 64' lang='lat' dir='ltr'><strong>senonis.</strong></span> 
     </span>
    </p>
   </div>
   <div class='ocr_carea' id='block_1_2' title="bbox 174 507 1564 2446">
    <p class='ocr_par' dir='ltr' id='par_1_2' title="bbox 224 507 1564 2122">
     <span class='ocr_line' id='line_1_2' title="bbox 274 507 1564 602; baseline -0.005 -26"><span class='ocrx_word' id='word_1_9' title='bbox 274 517 369 576; x_wconf 80' lang='grc' dir='ltr'>αὐτοῦ</span> <span class='ocrx_word' id='word_1_10' title='bbox 385 512 509 576; x_wconf 85' lang='grc' dir='ltr'>Μαλέον</span> <span class='ocrx_word' id='word_1_11' title='bbox 526 515 701 602; x_wconf 69' lang='grc' dir='ltr'>περθακώς</span> <span class='ocrx_word' id='word_1_12' title='bbox 716 511 846 600; x_wconf 85' lang='grc' dir='ltr'>Ἀνδρί-</span> <span class='ocrx_word' id='word_1_13' title='bbox 900 513 1039 598; x_wconf 79' lang='lat' dir='ltr'><strong>neglecte</strong></span> <span class='ocrx_word' id='word_1_14' title='bbox 1083 511 1248 595; x_wconf 78' lang='lat' dir='ltr'><strong>Imperator</strong></span> <span class='ocrx_word' id='word_1_15' title='bbox 1286 508 1324 574; x_wconf 82' lang='lat' dir='ltr'>ad</span> <span class='ocrx_word' id='word_1_16' title='bbox 1370 507 1468 592; x_wconf 83' lang='lat' dir='ltr'><strong>priora</strong></span> <span class='ocrx_word' id='word_1_17' title='bbox 1563 541 1564 544; x_wconf 19' lang='grc' dir='ltr'>ε</span> 
     </span>
     <span class='ocr_line' id='line_1_3' title="bbox 270 617 1468 708; baseline -0.004 -24"><span class='ocrx_word' id='word_1_18' title='bbox 270 643 353 694; x_wconf 88' lang='grc' dir='ltr'>νικος</span> <span class='ocrx_word' id='word_1_19' title='bbox 368 622 403 693; x_wconf 73' lang='grc' dir='ltr'>ἦν</span> <span class='ocrx_word' id='word_1_20' title='bbox 428 620 544 684; x_wconf 84' lang='grc' dir='ltr'>διώκων</span> <span class='ocrx_word' id='word_1_21' title='bbox 561 625 702 708; x_wconf 84' lang='grc' dir='ltr'>ἄντικρυς</span> <span class='ocrx_word' id='word_1_22' title='bbox 719 629 758 684; x_wconf 88' lang='grc' dir='ltr'>τά</span> <span class='ocrx_word' id='word_1_23' title='bbox 777 625 845 685; x_wconf 85' lang='grc' dir='ltr'>ἀκί-</span> <span class='ocrx_word' id='word_1_24' title='bbox 900 622 1113 688; x_wconf 75' lang='lat' dir='ltr'><strong>veneticorum</strong></span> <span class='ocrx_word' id='word_1_25' title='bbox 1164 617 1289 683; x_wconf 80' lang='lat' dir='ltr'><strong>foedere</strong></span> <span class='ocrx_word' id='word_1_26' title='bbox 1341 617 1468 680; x_wconf 78' lang='lat' dir='ltr'><strong>animun</strong></span> 
     </span>
     <span class='ocr_line' id='line_1_4' title="bbox 272 729 1470 817; baseline -0.005 -25"><span class='ocrx_word' id='word_1_27' title='bbox 272 753 358 817; x_wconf 84' lang='grc' dir='ltr'>χητα</span> <span class='ocrx_word' id='word_1_28' title='bbox 379 734 398 802; x_wconf 77' lang='grc' dir='ltr'>ἢ</span> <span class='ocrx_word' id='word_1_29' title='bbox 419 740 475 802; x_wconf 80' lang='grc' dir='ltr'>τῆς</span> <span class='ocrx_word' id='word_1_30' title='bbox 494 729 627 816; x_wconf 85' lang='grc' dir='ltr'>Ἀργοῦς</span> <span class='ocrx_word' id='word_1_31' title='bbox 652 735 748 794; x_wconf 81' lang='grc' dir='ltr'>άπίσω</span> <span class='ocrx_word' id='word_1_32' title='bbox 771 754 845 794; x_wconf 84' lang='grc' dir='ltr'>πον·</span> <span class='ocrx_word' id='word_1_33' title='bbox 901 730 1036 803; x_wconf 76' lang='lat' dir='ltr'><strong>attendit,</strong></span> <span class='ocrx_word' id='word_1_34' title='bbox 1052 733 1172 814; x_wconf 73' lang='lat' dir='ltr'><strong>psoium</strong></span> <span class='ocrx_word' id='word_1_35' title='bbox 1190 747 1293 791; x_wconf 89' lang='lat' dir='ltr'><strong>eornm</strong></span> <span class='ocrx_word' id='word_1_36' title='bbox 1310 745 1380 791; x_wconf 84' lang='lat' dir='ltr'>cnm</span> <span class='ocrx_word' id='word_1_37' title='bbox 1397 743 1470 806; x_wconf 84' lang='lat' dir='ltr'><strong>rege</strong></span> 
     </span>
     <span class='ocr_line' id='line_1_5' title="bbox 272 834 1470 926; baseline -0.005 -24"><span class='ocrx_word' id='word_1_38' title='bbox 272 845 456 926; x_wconf 77' lang='grc' dir='ltr'>τοπορείων,</span> <span class='ocrx_word' id='word_1_39' title='bbox 480 845 621 924; x_wconf 80' lang='grc' dir='ltr'>πρύμναν</span> <span class='ocrx_word' id='word_1_40' title='bbox 641 844 848 925; x_wconf 79' lang='grc' dir='ltr'>κρουσάμενος</span> <span class='ocrx_word' id='word_1_41' title='bbox 900 839 1014 904; x_wconf 76' lang='lat' dir='ltr'><strong>Sicilire</strong></span> <span class='ocrx_word' id='word_1_42' title='bbox 1046 837 1162 902; x_wconf 72' lang='lat' dir='ltr'><strong>irritum</strong></span> <span class='ocrx_word' id='word_1_43' title='bbox 1179 835 1302 906; x_wconf 67' lang='lat' dir='ltr'><strong>,faeere</strong></span> <span class='ocrx_word' id='word_1_44' title='bbox 1334 834 1470 905; x_wconf 78' lang='lat' dir='ltr'>studens,</span> 
     </span>
     <span class='ocr_line' id='line_1_6' title="bbox 274 943 1472 1034; baseline -0.005 -24"><span class='ocrx_word' id='word_1_45' title='bbox 274 957 318 1029; x_wconf 82' lang='grc' dir='ltr'>τῷ</span> <span class='ocrx_word' id='word_1_46' title='bbox 346 947 440 1032; x_wconf 83' lang='grc' dir='ltr'>λιμένι</span> <span class='ocrx_word' id='word_1_47' title='bbox 465 951 618 1034; x_wconf 81' lang='grc' dir='ltr'><strong>προσέσχε</strong></span> <span class='ocrx_word' id='word_1_48' title='bbox 639 959 696 1020; x_wconf 83' lang='grc' dir='ltr'>τῆς</span> <span class='ocrx_word' id='word_1_49' title='bbox 718 947 847 1020; x_wconf 82' lang='grc' dir='ltr'>πόλεως.</span> <span class='ocrx_word' id='word_1_50' title='bbox 901 968 958 1013; x_wconf 87' lang='lat' dir='ltr'>nee</span> <span class='ocrx_word' id='word_1_51' title='bbox 996 947 1034 1011; x_wconf 90' lang='lat' dir='ltr'>iis</span> <span class='ocrx_word' id='word_1_52' title='bbox 1076 944 1298 1012; x_wconf 77' lang='lat' dir='ltr'>declinantibus</span> <span class='ocrx_word' id='word_1_53' title='bbox 1339 943 1472 1008; x_wconf 80' lang='lat' dir='ltr'><strong>veniem-</strong></span> 
     </span>
     <span class='ocr_line' id='line_1_7' title="bbox 277 1053 1559 1142; baseline -0.003 -24"><span class='ocrx_word' id='word_1_54' title='bbox 277 1054 369 1119; x_wconf 66' lang='lat' dir='ltr'><strong>Oios</strong></span> <span class='ocrx_word' id='word_1_55' title='bbox 396 1057 543 1120; x_wconf 81' lang='grc' dir='ltr'>Βενέτικοι</span> <span class='ocrx_word' id='word_1_56' title='bbox 571 1054 682 1118; x_wconf 84' lang='grc' dir='ltr'>τίδιὰ</span> <span class='ocrx_word' id='word_1_57' title='bbox 708 1056 848 1140; x_wconf 76' lang='grc' dir='ltr'>πολέμων</span> <span class='ocrx_word' id='word_1_58' title='bbox 901 1075 960 1139; x_wconf 89' lang='lat' dir='ltr'>qne</span> <span class='ocrx_word' id='word_1_59' title='bbox 977 1053 1149 1139; x_wconf 81' lang='lat' dir='ltr'><strong>petentibus</strong></span> <span class='ocrx_word' id='word_1_60' title='bbox 1169 1053 1329 1120; x_wconf 77' lang='lat' dir='ltr'><strong>amicitiam</strong></span> <span class='ocrx_word' id='word_1_61' title='bbox 1354 1071 1473 1137; x_wconf 80' lang='lat' dir='ltr'><strong>qnoque</strong></span> <span class='ocrx_word' id='word_1_62' title='bbox 1556 1139 1559 1142; x_wconf 10' lang='grc' dir='ltr'>γ</span> 
     </span>
     <span class='ocr_line' id='line_1_8' title="bbox 276 1162 1473 1250; baseline -0.003 -23"><span class='ocrx_word' id='word_1_63' title='bbox 276 1168 399 1237; x_wconf 75' lang='grc' dir='ltr'>ἑαυτοῖς</span> <span class='ocrx_word' id='word_1_64' title='bbox 412 1167 574 1249; x_wconf 80' lang='grc' dir='ltr'>ἀπαμύνειν</span> <span class='ocrx_word' id='word_1_65' title='bbox 588 1167 692 1227; x_wconf 77' lang='grc' dir='ltr'>οὔκουν</span> <span class='ocrx_word' id='word_1_66' title='bbox 705 1167 749 1236; x_wconf 89' lang='grc' dir='ltr'>είς</span> <span class='ocrx_word' id='word_1_67' title='bbox 762 1167 848 1250; x_wconf 88' lang='grc' dir='ltr'>ἀγα·</span> <span class='ocrx_word' id='word_1_68' title='bbox 902 1165 1089 1247; x_wconf 74' lang='lat' dir='ltr'><strong>impertiens.</strong></span> <span class='ocrx_word' id='word_1_69' title='bbox 1138 1163 1340 1248; x_wconf 76' lang='lat' dir='ltr'><strong>Qnoecumqne</strong></span> <span class='ocrx_word' id='word_1_70' title='bbox 1369 1162 1473 1243; x_wconf 84' lang='lat' dir='ltr'><strong>igitur,</strong></span> 
     </span>
     <span class='ocr_line' id='line_1_9' title="bbox 277 1270 1474 1359; baseline -0.003 -24"><span class='ocrx_word' id='word_1_71' title='bbox 277 1275 338 1336; x_wconf 74' lang='lat' dir='ltr'>sos</span> <span class='ocrx_word' id='word_1_72' title='bbox 355 1273 523 1359; x_wconf 79' lang='grc' dir='ltr'>προβαῖνον</span> <span class='ocrx_word' id='word_1_73' title='bbox 542 1277 683 1359; x_wconf 82' lang='grc' dir='ltr'>δρῶντες,</span> <span class='ocrx_word' id='word_1_74' title='bbox 701 1279 779 1357; x_wconf 79' lang='grc' dir='ltr'>μετὰ</span> <span class='ocrx_word' id='word_1_75' title='bbox 796 1283 849 1336; x_wconf 90' lang='grc' dir='ltr'>τοῡ</span> <span class='ocrx_word' id='word_1_76' title='bbox 903 1277 1008 1356; x_wconf 77' lang='lat' dir='ltr'>utpote</span> <span class='ocrx_word' id='word_1_77' title='bbox 1035 1291 1120 1358; x_wconf 79' lang='lat' dir='ltr'><strong>equo</strong></span> <span class='ocrx_word' id='word_1_78' title='bbox 1148 1293 1215 1338; x_wconf 84' lang='lat' dir='ltr'>oum</span> <span class='ocrx_word' id='word_1_79' title='bbox 1242 1271 1384 1336; x_wconf 79' lang='lat' dir='ltr'><strong>Romanis</strong></span> <span class='ocrx_word' id='word_1_80' title='bbox 1406 1270 1474 1350; x_wconf 87' lang='lat' dir='ltr'><strong>jore</strong></span> 
     </span>
     <span class='ocr_line' id='line_1_10' title="bbox 278 1379 1476 1469; baseline -0.003 -25"><span class='ocrx_word' id='word_1_81' title='bbox 278 1385 375 1469; x_wconf 83' lang='grc' dir='ltr'>βηγδς</span> <span class='ocrx_word' id='word_1_82' title='bbox 407 1385 585 1446; x_wconf 75' lang='grc' dir='ltr'>ἐσπείσαντο</span> <span class='ocrx_word' id='word_1_83' title='bbox 617 1381 772 1455; x_wconf 76' lang='grc' dir='ltr'>Σικελίας,</span> <span class='ocrx_word' id='word_1_84' title='bbox 812 1379 849 1444; x_wconf 77' lang='grc' dir='ltr'>ἵν’</span> <span class='ocrx_word' id='word_1_85' title='bbox 903 1385 1057 1455; x_wconf 76' lang='lat' dir='ltr'><strong>viventes,</strong></span> <span class='ocrx_word' id='word_1_86' title='bbox 1087 1401 1124 1444; x_wconf 86' lang='lat' dir='ltr'>ex</span> <span class='ocrx_word' id='word_1_87' title='bbox 1146 1400 1229 1446; x_wconf 86' lang='lat' dir='ltr'><strong>more</strong></span> <span class='ocrx_word' id='word_1_88' title='bbox 1259 1385 1346 1444; x_wconf 77' lang='lat' dir='ltr'><strong>antea</strong></span> <span class='ocrx_word' id='word_1_89' title='bbox 1368 1383 1476 1442; x_wconf 79' lang='lat' dir='ltr'><strong>tenne·</strong></span> 
     </span>
     <span class='ocr_line' id='line_1_11' title="bbox 279 1485 1477 1577; baseline -0.001 -26"><span class='ocrx_word' id='word_1_90' title='bbox 279 1490 423 1553; x_wconf 69' lang='grc' dir='ltr'>ἐντεῦθεν</span> <span class='ocrx_word' id='word_1_91' title='bbox 455 1491 645 1577; x_wconf 68' lang='grc' dir='ltr'>εὐθυωροῑτο</span> <span class='ocrx_word' id='word_1_92' title='bbox 669 1497 786 1564; x_wconf 82' lang='grc' dir='ltr'>τούτοις</span> <span class='ocrx_word' id='word_1_93' title='bbox 810 1496 849 1554; x_wconf 85' lang='grc' dir='ltr'>τά</span> <span class='ocrx_word' id='word_1_94' title='bbox 902 1495 985 1562; x_wconf 79' lang='lat' dir='ltr'><strong>rant.</strong></span> <span class='ocrx_word' id='word_1_95' title='bbox 1009 1509 1175 1561; x_wconf 80' lang='lat' dir='ltr'><strong>renovans,</strong></span> <span class='ocrx_word' id='word_1_96' title='bbox 1204 1509 1260 1553; x_wconf 88' lang='lat' dir='ltr'>neo</span> <span class='ocrx_word' id='word_1_97' title='bbox 1285 1507 1321 1552; x_wconf 81' lang='lat' dir='ltr'>en</span> <span class='ocrx_word' id='word_1_98' title='bbox 1345 1485 1477 1550; x_wconf 86' lang='lat' dir='ltr'><strong>reddere</strong></span> 
     </span>
     <span class='ocr_line' id='line_1_12' title="bbox 224 1597 1476 1688; baseline -0.002 -28"><span class='ocrx_word' id='word_1_99' title='bbox 224 1681 227 1688; x_wconf 22' lang='grc' dir='ltr'>Ι</span> <span class='ocrx_word' id='word_1_100' title='bbox 278 1609 334 1670; x_wconf 82' lang='grc' dir='ltr'>τῆς</span> <span class='ocrx_word' id='word_1_101' title='bbox 351 1601 471 1680; x_wconf 79' lang='grc' dir='ltr'>ἀμύνης</span> <span class='ocrx_word' id='word_1_102' title='bbox 487 1606 538 1663; x_wconf 87' lang='grc' dir='ltr'>καί</span> <span class='ocrx_word' id='word_1_103' title='bbox 553 1603 650 1685; x_wconf 73' lang='grc' dir='ltr'>ἔχοιεν</span> <span class='ocrx_word' id='word_1_104' title='bbox 667 1603 716 1662; x_wconf 84' lang='grc' dir='ltr'>τίν</span> <span class='ocrx_word' id='word_1_105' title='bbox 730 1602 850 1662; x_wconf 82' lang='grc' dir='ltr'>έπικου-</span> <span class='ocrx_word' id='word_1_106' title='bbox 904 1599 1094 1669; x_wconf 73' lang='lat' dir='ltr'><strong>detrectavit.</strong></span> <span class='ocrx_word' id='word_1_107' title='bbox 1111 1615 1177 1681; x_wconf 80' lang='lat' dir='ltr'><strong>quse</strong></span> <span class='ocrx_word' id='word_1_108' title='bbox 1195 1599 1233 1662; x_wconf 85' lang='lat' dir='ltr'>de</span> <span class='ocrx_word' id='word_1_109' title='bbox 1247 1597 1354 1681; x_wconf 86' lang='lat' dir='ltr'><strong>opibus</strong></span> <span class='ocrx_word' id='word_1_110' title='bbox 1371 1615 1476 1661; x_wconf 88' lang='lat' dir='ltr'><strong>eornm</strong></span> 
     </span>
     <span class='ocr_line' id='line_1_13' title="bbox 278 1702 1478 1793; baseline -0.001 -25"><span class='ocrx_word' id='word_1_111' title='bbox 278 1714 424 1793; x_wconf 80' lang='grc' dir='ltr'>ρὴσοντα,</span> <span class='ocrx_word' id='word_1_112' title='bbox 446 1711 472 1770; x_wconf 88' lang='grc' dir='ltr'>εί</span> <span class='ocrx_word' id='word_1_113' title='bbox 493 1709 640 1792; x_wconf 86' lang='grc' dir='ltr'>Ῥωμαῖοι</span> <span class='ocrx_word' id='word_1_114' title='bbox 662 1709 730 1772; x_wconf 79' lang='grc' dir='ltr'>κατ’</span> <span class='ocrx_word' id='word_1_115' title='bbox 748 1712 850 1772; x_wconf 80' lang='grc' dir='ltr'>αὐτῶν</span> <span class='ocrx_word' id='word_1_116' title='bbox 903 1709 933 1772; x_wconf 89' lang='lat' dir='ltr'>in</span> <span class='ocrx_word' id='word_1_117' title='bbox 951 1707 1056 1774; x_wconf 81' lang='lat' dir='ltr'><strong>fissum</strong></span> <span class='ocrx_word' id='word_1_118' title='bbox 1073 1705 1173 1772; x_wconf 70' lang='lat' dir='ltr'><strong>delate</strong></span> <span class='ocrx_word' id='word_1_119' title='bbox 1188 1707 1316 1772; x_wconf 81' lang='lat' dir='ltr'><strong>fuerant.</strong></span> <span class='ocrx_word' id='word_1_120' title='bbox 1341 1705 1407 1770; x_wconf 81' lang='lat' dir='ltr'>Sed</span> <span class='ocrx_word' id='word_1_121' title='bbox 1418 1702 1478 1788; x_wconf 78' lang='lat' dir='ltr'><strong>ipsi</strong></span> 
     </span>
     <span class='ocr_line' id='line_1_14' title="bbox 280 1814 1478 1904; baseline -0.002 -26"><span class='ocrx_word' id='word_1_122' title='bbox 280 1817 398 1880; x_wconf 76' lang='grc' dir='ltr'>ἐπίοιεν.</span> <span class='ocrx_word' id='word_1_123' title='bbox 417 1814 495 1880; x_wconf 71' lang='grc' dir='ltr'>’0δὲ</span> <span class='ocrx_word' id='word_1_124' title='bbox 514 1815 659 1901; x_wconf 83' lang='grc' dir='ltr'>βασιλεὺς</span> <span class='ocrx_word' id='word_1_125' title='bbox 670 1821 721 1881; x_wconf 78' lang='grc' dir='ltr'>οὐκ</span> <span class='ocrx_word' id='word_1_126' title='bbox 734 1819 851 1904; x_wconf 85' lang='grc' dir='ltr'>ἀρρον-</span> <span class='ocrx_word' id='word_1_127' title='bbox 903 1819 1053 1882; x_wconf 77' lang='lat' dir='ltr'><strong>lucrosam</strong></span> <span class='ocrx_word' id='word_1_128' title='bbox 1069 1823 1103 1880; x_wconf 91' lang='lat' dir='ltr'>ut</span> <span class='ocrx_word' id='word_1_129' title='bbox 1117 1819 1302 1880; x_wconf 76' lang='lat' dir='ltr'><strong>mercatores</strong></span> <span class='ocrx_word' id='word_1_130' title='bbox 1318 1815 1478 1886; x_wconf 78' lang='lat' dir='ltr'><strong>rationem.</strong></span> 
     </span>
     <span class='ocr_line' id='line_1_15' title="bbox 281 1923 1478 2011; baseline -0.002 -25"><span class='ocrx_word' id='word_1_131' title='bbox 281 1931 429 1997; x_wconf 75' lang='grc' dir='ltr'>τιστίισας</span> <span class='ocrx_word' id='word_1_132' title='bbox 441 1931 557 1988; x_wconf 79' lang='grc' dir='ltr'>τουτων</span> <span class='ocrx_word' id='word_1_133' title='bbox 569 1937 629 1989; x_wconf 84' lang='grc' dir='ltr'>τῶν</span> <span class='ocrx_word' id='word_1_134' title='bbox 648 1927 850 2010; x_wconf 83' lang='grc' dir='ltr'>ἀκουσμάτων</span> <span class='ocrx_word' id='word_1_135' title='bbox 905 1947 1002 2011; x_wconf 86' lang='lat' dir='ltr'><strong>neque</strong></span> <span class='ocrx_word' id='word_1_136' title='bbox 1017 1923 1075 1990; x_wconf 89' lang='lat' dir='ltr'><strong>sibi</strong></span> <span class='ocrx_word' id='word_1_137' title='bbox 1088 1926 1215 2008; x_wconf 86' lang='lat' dir='ltr'><strong>regique</strong></span> <span class='ocrx_word' id='word_1_138' title='bbox 1227 1943 1351 2006; x_wconf 79' lang='lat' dir='ltr'><strong>gravem</strong></span> <span class='ocrx_word' id='word_1_139' title='bbox 1369 1923 1478 1994; x_wconf 83' lang='lat' dir='ltr'><strong>seenti,</strong></span> 
     </span>
     <span class='ocr_line' id='line_1_16' title="bbox 281 2031 1478 2122; baseline -0.003 -26"><span class='ocrx_word' id='word_1_140' title='bbox 281 2037 359 2119; x_wconf 81' lang='grc' dir='ltr'>πρὸς</span> <span class='ocrx_word' id='word_1_141' title='bbox 380 2039 439 2105; x_wconf 89' lang='grc' dir='ltr'>τάς</span> <span class='ocrx_word' id='word_1_142' title='bbox 454 2040 607 2120; x_wconf 73' lang='grc' dir='ltr'><strong>προτέρας</strong></span> <span class='ocrx_word' id='word_1_143' title='bbox 623 2040 701 2118; x_wconf 87' lang='grc' dir='ltr'>μετά</span> <span class='ocrx_word' id='word_1_144' title='bbox 718 2046 779 2097; x_wconf 80' lang='grc' dir='ltr'>τῶν</span> <span class='ocrx_word' id='word_1_145' title='bbox 796 2037 852 2098; x_wconf 87' lang='grc' dir='ltr'>Βε-</span> <span class='ocrx_word' id='word_1_146' title='bbox 906 2035 1042 2122; x_wconf 77' lang='lat' dir='ltr'><strong>pecunie</strong></span> <span class='ocrx_word' id='word_1_147' title='bbox 1066 2053 1128 2098; x_wconf 82' lang='lat' dir='ltr'><strong>sore</strong></span> <span class='ocrx_word' id='word_1_148' title='bbox 1153 2032 1364 2116; x_wconf 76' lang='lat' dir='ltr'><strong>repetitionem</strong></span> <span class='ocrx_word' id='word_1_149' title='bbox 1389 2031 1478 2094; x_wconf 85' lang='lat' dir='ltr'><strong>omit·</strong></span> 
     </span>
    </p>

    <p class='ocr_par' dir='ltr' id='par_1_3' title="bbox 174 2137 1481 2446">
     <span class='ocr_line' id='line_1_17' title="bbox 281 2137 1480 2226; baseline -0.001 -23"><span class='ocrx_word' id='word_1_150' title='bbox 281 2147 401 2204; x_wconf 90' lang='grc' dir='ltr'>νετίκων</span> <span class='ocrx_word' id='word_1_151' title='bbox 424 2137 584 2216; x_wconf 71' lang='grc' dir='ltr'>ξυνθὴκας</span> <span class='ocrx_word' id='word_1_152' title='bbox 601 2140 784 2226; x_wconf 77' lang='grc' dir='ltr'>ἀπέβλεψεν,</span> <span class='ocrx_word' id='word_1_153' title='bbox 809 2146 852 2215; x_wconf 87' lang='grc' dir='ltr'>ὡς</span> <span class='ocrx_word' id='word_1_154' title='bbox 905 2149 986 2214; x_wconf 79' lang='lat' dir='ltr'><strong>tunt,</strong></span> <span class='ocrx_word' id='word_1_155' title='bbox 1010 2143 1181 2225; x_wconf 68' lang='lat' dir='ltr'><strong>excogitato</strong></span> <span class='ocrx_word' id='word_1_156' title='bbox 1203 2141 1332 2226; x_wconf 82' lang='lat' dir='ltr'><strong>sepienti</strong></span> <span class='ocrx_word' id='word_1_157' title='bbox 1348 2137 1480 2224; x_wconf 78' lang='lat' dir='ltr'><strong>quodem</strong></span> 
     </span>
     <span class='ocr_line' id='line_1_18' title="bbox 174 2221 1481 2338; baseline -0.002 -26"><span class='ocrx_word' id='word_1_158' title='bbox 174 2221 183 2246; x_wconf 59' lang='lat'>⁸</span> <span class='ocrx_word' id='word_1_159' title='bbox 282 2255 350 2320; x_wconf 80' lang='grc' dir='ltr'>ἐνῆν</span> <span class='ocrx_word' id='word_1_160' title='bbox 373 2253 437 2332; x_wconf 87' lang='grc' dir='ltr'>μέν,</span> <span class='ocrx_word' id='word_1_161' title='bbox 460 2237 669 2335; x_wconf 71' lang='grc' dir='ltr'>ἠγωνισμένος</span> <span class='ocrx_word' id='word_1_162' title='bbox 694 2256 852 2338; x_wconf 79' lang='grc' dir='ltr'>ἀκυρῶσαι</span> <span class='ocrx_word' id='word_1_163' title='bbox 906 2257 937 2318; x_wconf 83' lang='grc' dir='ltr'>εί</span> <span class='ocrx_word' id='word_1_164' title='bbox 953 2253 1106 2316; x_wconf 79' lang='lat' dir='ltr'><strong>fructuoso</strong></span> <span class='ocrx_word' id='word_1_165' title='bbox 1119 2249 1264 2316; x_wconf 87' lang='lat' dir='ltr'><strong>subsidio.</strong></span> <span class='ocrx_word' id='word_1_166' title='bbox 1289 2249 1384 2314; x_wconf 76' lang='lat' dir='ltr'><strong>Forte</strong></span> <span class='ocrx_word' id='word_1_167' title='bbox 1401 2248 1481 2310; x_wconf 88' lang='lat' dir='ltr'><strong>enim</strong></span> 
     </span>
     <span class='ocr_line' id='line_1_19' title="bbox 281 2357 1481 2446; baseline 0.002 -27"><span class='ocrx_word' id='word_1_168' title='bbox 281 2361 340 2429; x_wconf 91' lang='grc' dir='ltr'>τάς</span> <span class='ocrx_word' id='word_1_169' title='bbox 355 2363 434 2440; x_wconf 87' lang='grc' dir='ltr'>μετά</span> <span class='ocrx_word' id='word_1_170' title='bbox 450 2367 504 2421; x_wconf 84' lang='grc' dir='ltr'>τοῦ</span> <span class='ocrx_word' id='word_1_171' title='bbox 520 2363 617 2446; x_wconf 81' lang='grc' dir='ltr'>ρηγδς</span> <span class='ocrx_word' id='word_1_172' title='bbox 629 2358 766 2433; x_wconf 73' lang='grc' dir='ltr'>Σικελίας</span> <span class='ocrx_word' id='word_1_173' title='bbox 781 2365 853 2422; x_wconf 79' lang='grc' dir='ltr'>τοίν-</span> <span class='ocrx_word' id='word_1_174' title='bbox 908 2361 1105 2428; x_wconf 80' lang='lat' dir='ltr'><strong>conventione</strong></span> <span class='ocrx_word' id='word_1_175' title='bbox 1128 2359 1328 2444; x_wconf 80' lang='lat' dir='ltr'><strong>pepigerunt,</strong></span> <span class='ocrx_word' id='word_1_176' title='bbox 1356 2361 1390 2422; x_wconf 87' lang='lat' dir='ltr'>nt</span> <span class='ocrx_word' id='word_1_177' title='bbox 1418 2357 1481 2422; x_wconf 82' lang='lat' dir='ltr'><strong>nuri</strong></span> 
     </span>
    </p>
   </div>
   <div class='ocr_carea' id='block_1_3' title="bbox 151 2465 1481 2557">
    <p class='ocr_par' dir='ltr' id='par_1_4' title="bbox 151 2465 1481 2557">
     <span class='ocr_line' id='line_1_20' title="bbox 151 2465 1481 2557; baseline 0 -27"><span class='ocrx_word' id='word_1_178' title='bbox 151 2531 156 2543; x_wconf 21' lang='lat' dir='ltr'>x</span> <span class='ocrx_word' id='word_1_179' title='bbox 282 2488 343 2529; x_wconf 91' lang='grc' dir='ltr'>των</span> <span class='ocrx_word' id='word_1_180' title='bbox 361 2465 508 2540; x_wconf 85' lang='grc' dir='ltr'>σπονδάς,</span> <span class='ocrx_word' id='word_1_181' title='bbox 531 2475 645 2532; x_wconf 80' lang='grc' dir='ltr'>τούτων</span> <span class='ocrx_word' id='word_1_182' title='bbox 663 2467 696 2532; x_wconf 80' lang='grc' dir='ltr'>δὲ</span> <span class='ocrx_word' id='word_1_183' title='bbox 712 2476 754 2552; x_wconf 78' lang='grc' dir='ltr'>μὴ</span> <span class='ocrx_word' id='word_1_184' title='bbox 772 2470 854 2534; x_wconf 71' lang='grc' dir='ltr'>ἀθτ-</span> <span class='ocrx_word' id='word_1_185' title='bbox 908 2468 1079 2557; x_wconf 83' lang='lat' dir='ltr'><strong>quindecim</strong></span> <span class='ocrx_word' id='word_1_186' title='bbox 1108 2469 1280 2534; x_wconf 76' lang='lat' dir='ltr'><strong>oentenaria</strong></span> <span class='ocrx_word' id='word_1_187' title='bbox 1307 2487 1363 2552; x_wconf 87' lang='lat' dir='ltr'>pro</span> <span class='ocrx_word' id='word_1_188' title='bbox 1393 2466 1481 2531; x_wconf 86' lang='lat' dir='ltr'><strong>bonis</strong></span> 
     </span>
    </p>
   </div>
   <div class='ocr_carea' id='block_1_4' title="bbox 285 2576 1482 4618">
    <p class='ocr_par' dir='ltr' id='par_1_5' title="bbox 285 2576 1482 2883">
     <span class='ocr_line' id='line_1_21' title="bbox 285 2576 1482 2660; baseline 0 -21"><span class='ocrx_word' id='word_1_189' title='bbox 285 2583 450 2660; x_wconf 85' lang='grc' dir='ltr'>τουμένων,</span> <span class='ocrx_word' id='word_1_190' title='bbox 475 2583 525 2640; x_wconf 89' lang='grc' dir='ltr'>καί</span> <span class='ocrx_word' id='word_1_191' title='bbox 545 2579 644 2649; x_wconf 82' lang='grc' dir='ltr'>οὕτως</span> <span class='ocrx_word' id='word_1_192' title='bbox 661 2581 774 2652; x_wconf 77' lang='grc' dir='ltr'>αὐτοὺς</span> <span class='ocrx_word' id='word_1_193' title='bbox 791 2583 855 2641; x_wconf 89' lang='grc' dir='ltr'>έπι-</span> <span class='ocrx_word' id='word_1_194' title='bbox 909 2577 1086 2646; x_wconf 83' lang='lat' dir='ltr'><strong>omnimodis</strong></span> <span class='ocrx_word' id='word_1_195' title='bbox 1103 2576 1162 2644; x_wconf 80' lang='lat' dir='ltr'><strong>sibi</strong></span> <span class='ocrx_word' id='word_1_196' title='bbox 1174 2576 1281 2642; x_wconf 76' lang='lat' dir='ltr'><strong>oblatis</strong></span> <span class='ocrx_word' id='word_1_197' title='bbox 1294 2576 1482 2660; x_wconf 75' lang='lat' dir='ltr'><strong>acciperent.</strong></span> 
     </span>
     <span class='ocr_line' id='line_1_22' title="bbox 286 2675 1482 2772; baseline -0.003 -22"><span class='ocrx_word' id='word_1_198' title='bbox 286 2691 501 2770; x_wconf 80' lang='grc' dir='ltr'>σπασάμενος,</span> <span class='ocrx_word' id='word_1_199' title='bbox 536 2693 586 2750; x_wconf 88' lang='grc' dir='ltr'>καί</span> <span class='ocrx_word' id='word_1_200' title='bbox 610 2675 799 2762; x_wconf 78' lang='grc' dir='ltr'>ἀνεξικακίαν</span> <span class='ocrx_word' id='word_1_201' title='bbox 825 2691 858 2752; x_wconf 89' lang='grc' dir='ltr'>αί</span> <span class='ocrx_word' id='word_1_202' title='bbox 911 2689 983 2772; x_wconf 80' lang='lat' dir='ltr'>Qoae</span> <span class='ocrx_word' id='word_1_203' title='bbox 999 2688 1037 2752; x_wconf 89' lang='lat' dir='ltr'>iis</span> <span class='ocrx_word' id='word_1_204' title='bbox 1053 2707 1113 2752; x_wconf 90' lang='lat' dir='ltr'>non</span> <span class='ocrx_word' id='word_1_205' title='bbox 1134 2685 1239 2758; x_wconf 89' lang='lat' dir='ltr'><strong>simul,</strong></span> <span class='ocrx_word' id='word_1_206' title='bbox 1263 2684 1317 2749; x_wconf 85' lang='lat' dir='ltr'>sed</span> <span class='ocrx_word' id='word_1_207' title='bbox 1342 2683 1482 2769; x_wconf 82' lang='lat' dir='ltr'><strong>pluribus</strong></span> 
     </span>
     <span class='ocr_line' id='line_1_23' title="bbox 285 2795 1317 2883; baseline -0.002 -25"><span class='ocrx_word' id='word_1_208' title='bbox 285 2795 855 2882; x_wconf 85' lang='grc' dir='ltr'>τουμένοιςκαίριλίανπροσεπινείμας.</span> <span class='ocrx_word' id='word_1_209' title='bbox 910 2796 1106 2883; x_wconf 78' lang='lat' dir='ltr'><strong>pensionibus</strong></span> <span class='ocrx_word' id='word_1_210' title='bbox 1122 2796 1220 2861; x_wconf 69' lang='lat' dir='ltr'><strong>soluta</strong></span> <span class='ocrx_word' id='word_1_211' title='bbox 1237 2797 1317 2860; x_wconf 78' lang='lat' dir='ltr'><strong>sont.</strong></span> 
     </span>
    </p>

    <p class='ocr_par' dir='ltr' id='par_1_6' title="bbox 286 2905 857 2988">
     <span class='ocr_line' id='line_1_24' title="bbox 286 2905 857 2988; baseline 0.002 -20"><span class='ocrx_word' id='word_1_212' title='bbox 286 2905 370 2968; x_wconf 86' lang='grc' dir='ltr'>Ὅσα</span> <span class='ocrx_word' id='word_1_213' title='bbox 387 2911 484 2968; x_wconf 80' lang='grc' dir='ltr'>τοίνυν</span> <span class='ocrx_word' id='word_1_214' title='bbox 502 2906 600 2988; x_wconf 67' lang='grc' dir='ltr'>ἔθιμα</span> <span class='ocrx_word' id='word_1_215' title='bbox 616 2905 652 2977; x_wconf 80' lang='grc' dir='ltr'>ἦν</span> <span class='ocrx_word' id='word_1_216' title='bbox 671 2909 775 2981; x_wconf 77' lang='grc' dir='ltr'>αὐτοῖς</span> <span class='ocrx_word' id='word_1_217' title='bbox 791 2910 857 2969; x_wconf 85' lang='grc' dir='ltr'>ἰσο-</span> 
     </span>
    </p>

    <p class='ocr_par' dir='ltr' id='par_1_7' title="bbox 287 3013 857 3096">
     <span class='ocr_line' id='line_1_25' title="bbox 287 3013 857 3096; baseline 0.005 -20"><span class='ocrx_word' id='word_1_218' title='bbox 287 3013 425 3086; x_wconf 81' lang='grc' dir='ltr'>πολίταις</span> <span class='ocrx_word' id='word_1_219' title='bbox 465 3014 528 3077; x_wconf 82' lang='grc' dir='ltr'>οὖσι</span> <span class='ocrx_word' id='word_1_220' title='bbox 567 3015 743 3096; x_wconf 84' lang='grc' dir='ltr'>Ῥωμαίοις,</span> <span class='ocrx_word' id='word_1_221' title='bbox 777 3018 857 3079; x_wconf 88' lang='grc' dir='ltr'>ἀνα-</span> 
     </span>
    </p>

    <p class='ocr_par' dir='ltr' id='par_1_8' title="bbox 286 3120 858 3205">
     <span class='ocr_line' id='line_1_26' title="bbox 286 3120 858 3205; baseline 0.003 -21"><span class='ocrx_word' id='word_1_222' title='bbox 286 3127 497 3205; x_wconf 86' lang='grc' dir='ltr'>νεωσάμενος,</span> <span class='ocrx_word' id='word_1_223' title='bbox 521 3120 591 3185; x_wconf 74' lang='lat' dir='ltr'><strong>soor</strong></span> <span class='ocrx_word' id='word_1_224' title='bbox 615 3131 670 3184; x_wconf 81' lang='grc' dir='ltr'>τοῦ</span> <span class='ocrx_word' id='word_1_225' title='bbox 690 3122 858 3188; x_wconf 86' lang='grc' dir='ltr'>ἀποδοῦναι</span> 
     </span>
    </p>

    <p class='ocr_par' dir='ltr' id='par_1_9' title="bbox 287 3233 860 3316">
     <span class='ocr_line' id='line_1_27' title="bbox 287 3233 860 3316; baseline 0.002 -22"><span class='ocrx_word' id='word_1_226' title='bbox 287 3241 360 3316; x_wconf 87' lang='grc' dir='ltr'>γοῦν</span> <span class='ocrx_word' id='word_1_227' title='bbox 386 3233 555 3314; x_wconf 82' lang='grc' dir='ltr'>ἀπέσχετο,</span> <span class='ocrx_word' id='word_1_228' title='bbox 578 3234 656 3316; x_wconf 84' lang='grc' dir='ltr'>ἅπερ</span> <span class='ocrx_word' id='word_1_229' title='bbox 678 3243 735 3304; x_wconf 80' lang='grc' dir='ltr'>τῆς</span> <span class='ocrx_word' id='word_1_230' title='bbox 753 3235 860 3304; x_wconf 80' lang='grc' dir='ltr'>οὐσίας</span> 
     </span>
    </p>

    <p class='ocr_par' dir='ltr' id='par_1_10' title="bbox 289 3337 858 3427">
     <span class='ocr_line' id='line_1_28' title="bbox 289 3337 858 3427; baseline 0.002 -25"><span class='ocrx_word' id='word_1_231' title='bbox 289 3351 375 3427; x_wconf 79' lang='grc' dir='ltr'>σφῶν</span> <span class='ocrx_word' id='word_1_232' title='bbox 398 3344 417 3411; x_wconf 72' lang='grc' dir='ltr'>ἡ</span> <span class='ocrx_word' id='word_1_233' title='bbox 440 3337 597 3423; x_wconf 86' lang='grc' dir='ltr'>βασίλειος</span> <span class='ocrx_word' id='word_1_234' title='bbox 618 3342 704 3425; x_wconf 83' lang='grc' dir='ltr'>γάζα</span> <span class='ocrx_word' id='word_1_235' title='bbox 727 3345 858 3426; x_wconf 83' lang='grc' dir='ltr'>ἔστεγεν.</span> 
     </span>
    </p>

    <p class='ocr_par' dir='ltr' id='par_1_11' title="bbox 291 3445 860 3535">
     <span class='ocr_line' id='line_1_29' title="bbox 291 3445 860 3535; baseline 0.002 -25"><span class='ocrx_word' id='word_1_236' title='bbox 291 3448 330 3510; x_wconf 87' lang='grc' dir='ltr'>Οί</span> <span class='ocrx_word' id='word_1_237' title='bbox 352 3445 385 3510; x_wconf 85' lang='grc' dir='ltr'>δέ</span> <span class='ocrx_word' id='word_1_238' title='bbox 407 3453 460 3518; x_wconf 84' lang='grc' dir='ltr'>τὴν</span> <span class='ocrx_word' id='word_1_239' title='bbox 482 3446 649 3534; x_wconf 74' lang='grc' dir='ltr'>κερδαλέαν</span> <span class='ocrx_word' id='word_1_240' title='bbox 673 3451 717 3522; x_wconf 84' lang='grc' dir='ltr'>ὡς</span> <span class='ocrx_word' id='word_1_241' title='bbox 735 3453 860 3535; x_wconf 80' lang='grc' dir='ltr'>ἔμποροι</span> 
     </span>
    </p>

    <p class='ocr_par' dir='ltr' id='par_1_12' title="bbox 289 3553 860 3643">
     <span class='ocr_line' id='line_1_30' title="bbox 289 3553 860 3643; baseline 0.004 -25"><span class='ocrx_word' id='word_1_242' title='bbox 289 3553 364 3637; x_wconf 86' lang='grc' dir='ltr'>μηδ’</span> <span class='ocrx_word' id='word_1_243' title='bbox 378 3559 483 3628; x_wconf 83' lang='grc' dir='ltr'>αιίτοίς</span> <span class='ocrx_word' id='word_1_244' title='bbox 498 3563 548 3620; x_wconf 88' lang='grc' dir='ltr'>καί</span> <span class='ocrx_word' id='word_1_245' title='bbox 565 3556 689 3641; x_wconf 86' lang='grc' dir='ltr'>βασιλεῖ</span> <span class='ocrx_word' id='word_1_246' title='bbox 702 3557 860 3643; x_wconf 87' lang='grc' dir='ltr'>ἀργαλέαν</span> 
     </span>
    </p>

    <p class='ocr_par' dir='ltr' id='par_1_13' title="bbox 290 3665 860 3750">
     <span class='ocr_line' id='line_1_31' title="bbox 290 3665 860 3750; baseline 0.004 -24"><span class='ocrx_word' id='word_1_247' title='bbox 290 3666 491 3750; x_wconf 82' lang='grc' dir='ltr'>τραπόμενοι,</span> <span class='ocrx_word' id='word_1_248' title='bbox 519 3669 569 3728; x_wconf 83' lang='grc' dir='ltr'>τὸν</span> <span class='ocrx_word' id='word_1_249' title='bbox 597 3671 651 3748; x_wconf 82' lang='grc' dir='ltr'>μὲν</span> <span class='ocrx_word' id='word_1_250' title='bbox 679 3665 860 3749; x_wconf 85' lang='grc' dir='ltr'>ἀναδασμὸν</span> 
     </span>
    </p>

    <p class='ocr_par' dir='ltr' id='par_1_14' title="bbox 289 3775 861 3861">
     <span class='ocr_line' id='line_1_32' title="bbox 289 3775 861 3861; baseline 0.003 -25"><span class='ocrx_word' id='word_1_251' title='bbox 289 3783 350 3836; x_wconf 83' lang='grc' dir='ltr'>τῶν</span> <span class='ocrx_word' id='word_1_252' title='bbox 383 3775 496 3836; x_wconf 88' lang='grc' dir='ltr'>οίκείων</span> <span class='ocrx_word' id='word_1_253' title='bbox 535 3779 706 3860; x_wconf 86' lang='grc' dir='ltr'>χρημάτων</span> <span class='ocrx_word' id='word_1_254' title='bbox 743 3777 861 3861; x_wconf 86' lang='grc' dir='ltr'>χαίρειν</span> 
     </span>
    </p>

    <p class='ocr_par' dir='ltr' id='par_1_15' title="bbox 291 3881 863 3970">
     <span class='ocr_line' id='line_1_33' title="bbox 291 3881 863 3970; baseline -0.002 -25"><span class='ocrx_word' id='word_1_255' title='bbox 291 3885 410 3955; x_wconf 77' lang='grc' dir='ltr'>εἴασαν,</span> <span class='ocrx_word' id='word_1_256' title='bbox 427 3887 595 3970; x_wconf 80' lang='grc' dir='ltr'>σοριστικόν</span> <span class='ocrx_word' id='word_1_257' title='bbox 613 3907 641 3946; x_wconf 91' lang='grc' dir='ltr'>τι</span> <span class='ocrx_word' id='word_1_258' title='bbox 658 3889 707 3944; x_wconf 86' lang='grc' dir='ltr'>καί</span> <span class='ocrx_word' id='word_1_259' title='bbox 725 3881 863 3968; x_wconf 75' lang='grc' dir='ltr'>δραστή-</span> 
     </span>
    </p>

    <p class='ocr_par' dir='ltr' id='par_1_16' title="bbox 291 3989 861 4078">
     <span class='ocr_line' id='line_1_34' title="bbox 291 3989 861 4078; baseline 0.002 -25"><span class='ocrx_word' id='word_1_260' title='bbox 291 4013 354 4076; x_wconf 92' lang='grc' dir='ltr'>ριον</span> <span class='ocrx_word' id='word_1_261' title='bbox 371 3995 580 4063; x_wconf 81' lang='grc' dir='ltr'>έννοήσαντες·</span> <span class='ocrx_word' id='word_1_262' title='bbox 598 3995 630 4053; x_wconf 84' lang='grc' dir='ltr'>έκ</span> <span class='ocrx_word' id='word_1_263' title='bbox 647 3989 680 4052; x_wconf 83' lang='grc' dir='ltr'>δέ</span> <span class='ocrx_word' id='word_1_264' title='bbox 697 3996 861 4078; x_wconf 84' lang='grc' dir='ltr'>συμρώνου</span> 
     </span>
    </p>

    <p class='ocr_par' dir='ltr' id='par_1_17' title="bbox 292 4097 862 4186">
     <span class='ocr_line' id='line_1_35' title="bbox 292 4097 862 4186; baseline 0 -23"><span class='ocrx_word' id='word_1_265' title='bbox 292 4099 488 4172; x_wconf 73' lang='grc' dir='ltr'>συνὴλθοσαν</span> <span class='ocrx_word' id='word_1_266' title='bbox 507 4097 580 4163; x_wconf 91' lang='grc' dir='ltr'>δέκα</span> <span class='ocrx_word' id='word_1_267' title='bbox 598 4103 675 4186; x_wconf 88' lang='grc' dir='ltr'>πρδς</span> <span class='ocrx_word' id='word_1_268' title='bbox 694 4110 758 4171; x_wconf 84' lang='grc' dir='ltr'>τοῖς</span> <span class='ocrx_word' id='word_1_269' title='bbox 775 4105 862 4163; x_wconf 83' lang='grc' dir='ltr'>πέντε</span> 
     </span>
    </p>

    <p class='ocr_par' dir='ltr' id='par_1_18' title="bbox 292 4208 863 4295">
     <span class='ocr_line' id='line_1_36' title="bbox 292 4208 863 4295; baseline 0.005 -25"><span class='ocrx_word' id='word_1_270' title='bbox 292 4215 421 4294; x_wconf 89' lang='grc' dir='ltr'>χρυσίου</span> <span class='ocrx_word' id='word_1_271' title='bbox 470 4208 626 4290; x_wconf 68' lang='grc' dir='ltr'>λήψεσθαι</span> <span class='ocrx_word' id='word_1_272' title='bbox 671 4213 863 4295; x_wconf 67' lang='grc' dir='ltr'>κεντηνάρια)</span> 
     </span>
    </p>

    <p class='ocr_par' dir='ltr' id='par_1_19' title="bbox 293 4316 862 4402">
     <span class='ocr_line' id='line_1_37' title="bbox 293 4316 862 4402; baseline -0.004 -20"><span class='ocrx_word' id='word_1_273' title='bbox 293 4317 369 4382; x_wconf 67' lang='grc' dir='ltr'>ἀνθ’</span> <span class='ocrx_word' id='word_1_274' title='bbox 411 4316 452 4380; x_wconf 85' lang='grc' dir='ltr'>ὧν</span> <span class='ocrx_word' id='word_1_275' title='bbox 492 4316 655 4380; x_wconf 85' lang='grc' dir='ltr'>ἀπώλεσαν</span> <span class='ocrx_word' id='word_1_276' title='bbox 691 4323 862 4402; x_wconf 88' lang='grc' dir='ltr'>χρημάτων</span> 
     </span>
    </p>

    <p class='ocr_par' dir='ltr' id='par_1_20' title="bbox 293 4423 863 4512">
     <span class='ocr_line' id='line_1_38' title="bbox 293 4423 863 4512; baseline -0.002 -23"><span class='ocrx_word' id='word_1_277' title='bbox 293 4423 511 4489; x_wconf 83' lang='grc' dir='ltr'>παντοδαπῶν.</span> <span class='ocrx_word' id='word_1_278' title='bbox 526 4427 587 4488; x_wconf 88' lang='grc' dir='ltr'>Καί</span> <span class='ocrx_word' id='word_1_279' title='bbox 598 4425 680 4509; x_wconf 81' lang='grc' dir='ltr'>εἶχον</span> <span class='ocrx_word' id='word_1_280' title='bbox 692 4434 793 4488; x_wconf 84' lang='grc' dir='ltr'>ταῦτα</span> <span class='ocrx_word' id='word_1_281' title='bbox 805 4429 863 4512; x_wconf 77' lang='grc' dir='ltr'>οὐχ</span> 
     </span>
    </p>

    <p class='ocr_par' dir='ltr' id='par_1_21' title="bbox 294 4531 862 4618">
     <span class='ocr_line' id='line_1_39' title="bbox 294 4531 862 4618; baseline 0.002 -22"><span class='ocrx_word' id='word_1_282' title='bbox 294 4536 379 4617; x_wconf 83' lang='grc' dir='ltr'>ἅμα,</span> <span class='ocrx_word' id='word_1_283' title='bbox 408 4531 550 4604; x_wconf 87' lang='grc' dir='ltr'>πολλάκις</span> <span class='ocrx_word' id='word_1_284' title='bbox 578 4531 610 4594; x_wconf 81' lang='grc' dir='ltr'>δέ</span> <span class='ocrx_word' id='word_1_285' title='bbox 635 4539 862 4618; x_wconf 80' lang='grc' dir='ltr'>χορηγούμενα.</span> 
     </span>
    </p>
   </div>
   <div class='ocr_carea' id='block_1_5' title="bbox 0 0 1598 5082">
    <p class='ocr_par' dir='ltr' id='par_1_22' title="bbox 0 0 1598 5082">
     <span class='ocr_line' id='line_1_40' title="bbox 0 0 1598 5082; baseline 0 0"><span class='ocrx_word' id='word_1_286' title='bbox 0 0 1598 5082; x_wconf 95' lang='lat' dir='ltr'> </span> 
     </span>
    </p>
   </div>
  </div>
 </body>
</html>
