3110 5080
256 335 352 388 Priore
365 350 453 390 rursu
465 335 615 392 uemreuu
628 337 789 392 Drunuuurr
802 351 839 390 rr
850 335 1095 392 cauonrrsuuros.
1185 324 1258 398 451

83 504 258 576 eeclesiam
284 513 398 576 sancte
426 505 550 600 Sopbie
575 507 745 579 mdinandi
770 513 804 578 et
826 505 1046 578 Patriarebarn
1064 506 1205 600 eligendi
1224 506 1265 578 ad

82 629 244 702 honorem
258 633 318 704 Dei
339 639 372 702 et
390 639 503 704 sancte
521 635 666 705 Romane
679 633 827 706 Eeclesie
842 639 876 704 et
893 633 1032 728 imperii.
1052 633 1171 706 Cierioi
1185 655 1265 704 uero

81 757 254 851 utriumque
277 759 380 852 partis
405 759 475 830 illas
500 758 657 831 ecelesias
681 761 832 832 ordinare
857 759 995 843 debent,
1022 781 1085 852 que
1104 782 1162 830 sue
1180 761 1266 854 parti

81 885 292 978 contingent3
321 885 362 956 de
386 886 646 980 possessionibus
670 911 750 959 uero
775 886 986 958 eeclesiarum
1011 891 1063 956 tot
1087 891 1122 957 et
1140 893 1266 958 tanturn

80 1011 212 1083 elerieis
241 1017 275 1081 et
303 1012 452 1083 ecelesiis
480 1013 601 1084 debent
626 1015 807 1108 provideri,
840 1036 904 1107 quo
933 1013 1113 1084 honorifice
1139 1015 1267 1107 possint
1350 1111 1351 1115 Ἴ

79 1139 191 1209 rivere
220 1144 254 1208 et
279 1137 488 1210 substentari.
523 1140 659 1234 Relique
686 1164 765 1212 vero
791 1139 1020 1234 possessiones
1053 1140 1265 1211 eeclesiarum

80 1265 181 1336 diuidi
201 1271 235 1336 et
252 1265 365 1360 partiri
385 1265 507 1338 debent
524 1267 705 1338 secudum
723 1268 869 1339 ordinem
887 1268 1125 1361 presignatum.

174 1395 311 1486 Insuper
328 1391 423 1463 etiarn
444 1393 560 1486 jurare
577 1394 734 1466 debemus
757 1401 823 1466 tam
842 1418 881 1465 ex
899 1401 1012 1466 nostra
1035 1401 1146 1487 parte,
1171 1417 1266 1486 quam
1336 1436 1341 1444 ·

82 1545 123 1592 ex
150 1527 279 1604 restra,
306 1519 393 1612 quod
419 1521 459 1591 ab
484 1520 595 1592 numo
619 1521 672 1592 die
696 1522 842 1594 instantis
867 1522 987 1592 mensis
1009 1521 1118 1592 Marcii
1147 1520 1266 1592 morari

82 1647 242 1718 debemus
261 1669 366 1740 neque
383 1647 424 1718 ad
444 1669 562 1717 annum
580 1648 759 1742 expletum,
785 1647 826 1718 ad
845 1649 1013 1740 imperium
1033 1654 1067 1719 et
1085 1649 1266 1740 Imperato-

83 1797 154 1844 rem
171 1797 267 1844 manu
281 1773 472 1855 tenendum,
481 1773 522 1844 ad
535 1772 694 1846 bonorem
708 1773 769 1844 Dei
783 1779 817 1844 et
831 1783 943 1846 sancte
958 1775 1107 1846 Eeeiesie
1123 1774 1266 1845 Romane

83 1909 118 1971 et
131 1901 274 1994 imperii.
296 1899 423 1970 Deinde
434 1923 512 1970 vero
532 1901 564 1970 in
582 1907 676 1972 antea
685 1893 717 1992 ¹)
732 1923 855 1984 omnes,
876 1902 929 1994 qui
944 1902 1124 1994 irimperio
1137 1924 1266 1972 reman-

82 2029 208 2111 serint,
241 2028 302 2122 ipsi
334 2026 523 2119 imperatori
557 2029 694 2122 astringi
722 2027 841 2098 debent
868 2026 1059 2120 juramento
1086 2027 1266 2098 seeundum

80 2156 204 2226 bonaur
237 2161 271 2226 et
301 2153 524 2225 rationabilem
555 2153 834 2224 consuetudinem.
877 2153 920 2224 ut
947 2153 1008 2236 iili,
1040 2154 1094 2248 qui
1125 2160 1204 2226 tune
1231 2155 1264 2224 in

83 2283 224 2376 imperio
249 2281 478 2363 remanserint,
509 2287 547 2350 ut
571 2280 750 2372 predictum
775 2287 845 2363 eat,
876 2278 1000 2370 jurare'
1015 2279 1154 2362 debent,
1177 2279 1265 2373 quod

81 2409 194 2479 firmas
233 2415 267 2478 et
308 2407 441 2478 stabiles
462 2407 464 2411 ⁴
482 2411 590 2500 partes
623 2413 656 2476 et
688 2406 878 2498 pastiones,
917 2430 979 2499 que
1011 2407 1099 2477 fante
1131 2407 1266 2489 tuerint,

80 2535 262 2606 habebunt.
861 2515 864 2522 Δ

176 2661 236 2731 Est
267 2665 374 2731 autem
403 2667 437 2730 et
460 2658 647 2742 sciendum,
679 2658 767 2752 quod
794 2682 812 2728 a
842 2663 949 2730 restra
977 2665 1011 2728 et
1038 2665 1149 2730 nostra
1173 2666 1267 2752 parte
1335 2747 1337 2754 Ι

83 2787 140 2857 xll
167 2785 314 2856 homines
340 2785 391 2856 uel
416 2785 527 2878 piures
552 2809 613 2879 pro
638 2792 731 2878 parte
750 2784 826 2878 eligi
845 2784 979 2868 debent,
1005 2787 1057 2880 qui
1078 2787 1265 2877 juramento

81 2913 210 2986 astricti
229 2913 324 2984 feuda
339 2920 374 2984 et
385 2912 650 2982 honorificentias
665 2912 749 2980 inter
762 2909 909 2982 homines
924 2912 1118 2982 distribuere
1133 2911 1266 2997 debent,

83 3049 118 3113 et
137 3041 272 3111 seruitia
293 3039 480 3133 assignare,
507 3061 571 3134 que
594 3038 655 3132 ipsi
679 3037 826 3108 homines
853 3039 1044 3131 Imperatori
1070 3045 1104 3110 et
1130 3039 1267 3132 imperio

81 3169 200 3239 faeere
226 3167 365 3250 debent,
392 3165 569 3236 seeundum
588 3164 675 3258 quod
694 3163 756 3232 illis
775 3163 896 3234 bonurn
913 3165 1074 3236 ridebitur
1092 3173 1126 3236 et
1144 3189 1268 3236 eonve-

83 3295 179 3364 niens
193 3293 375 3386 apparebit.
391 3292 534 3364 Feudum
545 3315 635 3374 uero,
656 3291 743 3383 quod
757 3291 929 3383 unicuique
942 3293 1142 3384 assignatum
1156 3293 1268 3375 fuerit,

84 3421 190 3490 iibere
210 3427 243 3490 et
262 3419 412 3490 absolute
431 3417 601 3512 possidere
621 3417 740 3487 debent
759 3415 799 3487 de
818 3415 940 3489 herede
959 3419 990 3488 in
1009 3418 1176 3503 heredem,
1202 3428 1268 3492 tum

34 3633 39 3642 ¹
85 3549 119 3618 in
141 3547 336 3628 masculum,
364 3567 459 3638 quum
477 3544 509 3612 in
528 3543 697 3626 seminam
716 3549 750 3613 et
769 3542 895 3636 plenam
914 3544 1055 3616 habeant
1072 3551 1268 3638 potestatem

85 3675 127 3746 ad
147 3673 332 3744 faciendum
351 3671 447 3756 inde,
474 3669 625 3764 quiequid
644 3693 703 3740 sue
720 3669 819 3739 fuerit
837 3669 1030 3756 voluntatis,
1052 3671 1142 3743 salvo
1161 3679 1268 3742 temen

79 3803 161 3894 jure
181 3807 215 3870 et
233 3801 366 3870 seruitio
392 3797 599 3892 imperatoris
623 3801 656 3866 et
677 3797 815 3888 Imperii.
845 3799 1024 3890 imperator
1043 3819 1120 3868 uero
1147 3799 1270 3892 reliqua

85 3927 219 3998 seruitia
238 3923 351 3996 faeere
370 3925 485 4008 debet,
512 3947 574 4016 que
592 3923 713 3992 fuerint
730 3921 895 4006 iacienda,
921 3930 1033 4016 preter
1051 3949 1107 4008 ea,
1128 3949 1190 4018 que
1209 3925 1269 4018 ipsi

85 4055 226 4134 ferient,
265 4053 317 4144 qui
347 4050 444 4121 seudu
473 4056 506 4120 et
532 4049 796 4120 honorificentias
824 4050 1055 4144 possidebunt,
1093 4051 1271 4122 seeundum

85 4181 235 4252 ordinem
253 4179 313 4248 sibi
333 4178 522 4268 injunctum.

111 4537 139 4604 ¹)
160 4541 193 4588 et
213 4537 248 4587 ut
267 4536 367 4586 antea
388 4529 482 4602 Braiqu.
