3110 5080
482 333 599 388 Psoron
612 333 844 390 inonrrruonou.
1173 325 1252 394 423

73 506 229 600 hospitari
255 505 285 576 in
304 503 398 576 donno
417 503 713 599 Archiepiscopan.
738 503 870 576 babebit
889 527 960 578 ennn
978 504 1020 577 ad
1038 528 1129 577 suam
1148 507 1251 578 bono·

72 632 264 705 rificentiarn
290 637 325 703 ct
349 629 564 712 uoluntatem
593 633 786 714 sinautem,
815 631 943 706 dabitur
962 634 990 704 ei
1011 633 1124 706 domus
1145 633 1252 706 bono·

71 759 194 843 rabilis,
214 781 317 852 usque
337 757 413 828 dunn
432 757 562 828 steterit
580 757 634 828 ibi.

160 886 205 956 nt
225 887 373 981 quotiens
397 885 515 956 iecerit
533 884 668 956 Venetia
693 887 869 958 exercIturn
894 909 996 980 unque
1022 886 1198 982 Ragonium
1219 891 1253 958 et

70 1037 88 1084 n
106 1013 255 1108 Ragusio
274 1017 308 1084 et
326 1011 421 1096 inira,
448 1013 532 1083 sicut
550 1011 684 1084 Venetia
702 1013 812 1096 saciet,
837 1015 884 1084 sic
903 1013 1024 1086 sacient
1041 1019 1075 1084 et
1092 1011 1251 1084 Jadratini

68 1140 249 1212 secundum
274 1161 442 1212 numerum
466 1139 610 1210 uirorum
635 1162 777 1211 suorum.
806 1139 841 1210 Si
859 1163 939 1212 uero
966 1140 1064 1210 fuerit
1089 1139 1252 1212 exercitus

69 1292 88 1339 a
117 1268 254 1362 triginta
286 1265 388 1360 galeis
417 1271 451 1336 ct
482 1287 599 1361 supra,
632 1289 695 1359 que
722 1266 864 1340 debcant
893 1267 1034 1338 transire
1061 1268 1251 1360 Ragusium,

68 1394 195 1466 facient
212 1391 287 1464 inde
304 1391 463 1464 Jadratini
481 1393 677 1464 tricesimam
696 1399 841 1488 partem,
862 1399 896 1464 et
914 1391 1047 1466 stabunt
1064 1395 1096 1464 in
1114 1394 1251 1466 seruitio

70 1520 220 1600 Venetis,
240 1543 341 1614 usque
360 1519 435 1590 durn
454 1519 583 1592 steterit
602 1520 764 1592 exercitus
783 1519 929 1592 Venetie.

165 1647 295 1718 Dabunt
317 1645 474 1718 Jadratini
499 1646 539 1716 D.
566 1645 737 1732 blicbadc,
768 1648 819 1740 qui
847 1648 956 1720 iactus
980 1653 1052 1718 erat
1076 1669 1095 1718 a
1122 1643 1251 1716 domino
1316 1621 1320 1632 ¹

68 1774 164 1846 Duce
183 1797 294 1846 comes
314 1773 392 1866 Pagi
412 1779 447 1844 et
463 1773 596 1846 aliarum
616 1772 803 1858 insularum,
824 1775 965 1870 quesibi
985 1779 1062 1844 sunt
1080 1794 1250 1857 concesse,

67 1903 154 1974 libre
173 1901 327 1974 neceb.
346 1901 379 1972 in
403 1907 542 1998 quatuor
566 1902 675 1986 annis;
702 1902 766 1974 boc
790 1909 842 1976 cst
866 1905 896 1976 in
922 1902 1058 1998 singulis
1077 1900 1251 1974 cudendis

69 2030 180 2123 biartij
213 2052 274 2123 pro
308 2028 454 2123 quolibet
483 2051 567 2099 anno
601 2037 759 2136 prartarn.
799 2029 992 2123 Tollentque
1017 2027 1174 2100 dadratini
1208 2027 1250 2100 dc

67 2157 219 2230 omnibus
237 2156 375 2228 nauibus
394 2163 638 2236 extraneorum,
664 2157 717 2250 qui
736 2155 811 2228 illuc
829 2155 1042 2251 applicuerint
1060 2154 1101 2228 ad
1119 2160 1251 2250 portum

67 2283 274 2366 iaciendum,
307 2282 390 2354 illurn
416 2283 594 2366 dationem,
627 2305 722 2376 quam
746 2281 881 2354 Venetia
907 2282 993 2354 tollit
1024 2288 1249 2354 extraneorum

66 2407 218 2494 nauibus,
238 2407 447 2504 diuidentque
472 2408 543 2502 (in)
562 2407 645 2480 ibam
664 2409 695 2480 in
714 2417 783 2481 tres
806 2415 934 2504 partcs3
962 2408 1003 2480 de
1022 2407 1137 2502 quibu
1155 2429 1249 2478 unam

68 2536 193 2608 dabunt
223 2535 500 2630 Arcbiepiscopo,
532 2535 625 2606 aliam
644 2535 777 2621 Comiti,
811 2542 845 2607 et
875 2537 972 2608 tertia
1000 2536 1043 2608 uit
1069 2533 1248 2606 communis

64 2663 179 2736 Jadre.

155 2789 277 2861 Omnes
296 2793 414 2870 autern,
434 2787 488 2884 qui
508 2795 603 2860 erunt
619 2788 713 2860 amici
730 2785 876 2873 Venetie,
895 2787 1052 2860 Jadratini
1070 2789 1157 2882 ipsos
1176 2810 1236 2883 pro

63 2917 177 2990 amicis
197 2915 378 2998 babebunt3
404 2923 438 2987 ct
463 2938 593 3000 omnes,
620 2915 789 3012 quierunt
814 2915 930 2988 inimici
949 2915 1101 3000 Venetis,
1119 2913 1238 2986 Jadrn·

62 3044 120 3114 tini
140 3045 231 3138 ipson
249 3065 312 3137 pro
331 3042 466 3114 inimicis
484 3041 659 3114 habebunt.

152 3169 202 3242 De
230 3169 329 3240 rnuris
354 3175 461 3240 auteur
487 3169 628 3240 ciuitatis
651 3167 815 3240 ruinandis
843 3167 894 3241 uel
913 3191 996 3254 nou,
1023 3173 1137 3239 cinon
1156 3167 1244 3239 rele-

64 3297 193 3383 uandis,
213 3297 239 3368 si
258 3295 375 3368 ruinuti
392 3295 526 3380 fuerint,
545 3295 614 3366 sine
633 3296 800 3366 uoluntate
820 3294 937 3368 donnini
956 3294 1067 3379 Ducis,
1087 3294 1140 3365 uel
1159 3294 1242 3367 iliius

65 3447 226 3520 persone,
254 3423 308 3518 qui
336 3422 437 3494 vicem
463 3421 622 3494 obtinebit
651 3422 719 3494 eius
747 3429 781 3492 ct
808 3423 857 3493 sui
885 3420 1011 3514 consilij
1038 3420 1090 3492 uel
1115 3423 1245 3492 maioris

66 3551 187 3645 partis,
211 3551 260 3621 sic
278 3550 357 3631 erit,
383 3550 468 3622 sicut
492 3549 533 3620 de
557 3549 722 3622 uoluntate
747 3548 847 3644 ipsius
870 3547 987 3620 donnini
1006 3547 1106 3618 Ducis
1132 3547 1244 3632 inerit,

61 3678 113 3748 uel
133 3674 308 3748 residentis
327 3699 387 3770 pro
408 3697 460 3760 eo,
481 3682 515 3746 et
533 3675 582 3745 uui
602 3673 741 3768 consilii,
762 3675 814 3746 uel
834 3674 961 3746 maioris
980 3675 1092 3768 partis.

155 3803 285 3874 Dabunt
309 3803 394 3873 onnni
418 3823 502 3874 anno
527 3801 558 3872 in
584 3799 719 3871 Venetia
744 3800 900 3871 Jadratini
926 3801 1083 3872 communi
1109 3798 1245 3871 Venetie

66 3953 222 4025 perperos
237 3931 274 4001 C.
292 3936 326 3999 et
344 3929 382 3998 L.
397 3929 429 3998 in
449 3927 599 4000 Calendis
619 3926 725 4018 Martij
745 3927 777 3996 in
792 3933 997 4024 perpetuum,
1017 3934 1073 3998 aut
1090 3925 1154 3996 tria
1172 3925 1243 3996 unil-

64 4058 155 4130 liaria
172 4057 331 4128 bonarurn
350 4053 568 4126 cuniculorum
588 4055 618 4125 in
636 4053 874 4126 Jadratinoruun
894 4054 1040 4138 arbitrio,
1065 4075 1164 4150 super
1182 4053 1244 4126 boc

65 4183 343 4278 respondentium,
361 4183 393 4252 in
411 4183 554 4276 presenti
574 4182 696 4276 nuntijs
716 4181 862 4252 Venetie.

158 4310 340 4380 Restituent
364 4309 461 4380 etiarn
478 4309 635 4380 dadratiui
662 4333 774 4382 omncs
793 4308 881 4394 illos,
909 4311 962 4402 qui
981 4309 1111 4380 Jadrann
1132 4309 1242 4380 criuc-

67 4443 143 4510 runt
174 4460 235 4531 pro
269 4435 430 4508 discordia
457 4435 583 4521 babitu,
615 4437 669 4530 qui
695 4436 810 4508 moreti
839 4437 899 4508 sub
928 4436 1069 4509 dominio
1097 4434 1241 4506 Ducatus

68 4564 220 4646 Venetis,
248 4563 300 4636 uel
319 4565 351 4635 iu
372 4563 517 4635 exercitu
545 4566 692 4649 iueruut,
720 4570 775 4635 aut
800 4569 963 4638 steterunt
988 4564 1029 4636 ad
1053 4563 1239 4636 fidelitatem
