3110 5080
330 341 406 414 386
673 353 791 409 Psoron
802 353 1005 410 ‘l'nnunsrrruus
1019 370 1172 409 orvsrnrrs.

415 525 534 596 Actum
560 530 612 596 est
635 525 699 597 huc
724 527 756 596 in
780 525 892 597 lumbo
912 555 1005 596 sunm
1027 527 1153 598 llnansrn
1173 548 1258 596 auno
1280 525 1403 597 domini
1421 524 1499 594 MCC

287 749 289 756 y
327 652 484 733 secundo,
503 674 615 724 mense
634 654 785 737 Octubr.‚
804 653 981 726 indictione
999 661 1102 726 scuta.
1124 693 1127 702 ·

417 780 538 875 †llgo
567 781 780 852 Paternianus
814 781 1004 875 Doputheo‚
1039 780 1258 852 subdiaconus
1287 785 1321 850 et
1348 781 1500 862 notarius,

326 907 457 978 interlui
475 915 625 1003 rogatus,
644 909 772 1002 scripsi,
792 909 950 1002 complevi
970 915 1004 979 et
1021 908 1185 980 roboravi.

418 1035 448 1125 †
468 1035 542 1129 Ego
562 1035 705 1106 Pascelis
724 1036 849 1118 Mauro,
869 1035 1089 1108 subdiaconus
1109 1042 1143 1106 et
1162 1035 1321 1116 notarius,
1340 1033 1427 1105 siout
1446 1034 1500 1104 ridi

325 1162 358 1231 in
377 1169 492 1247 matre,
511 1163 556 1234 ita
574 1163 733 1234 testificor
751 1163 784 1233 in
802 1163 875 1235 lilia.

416 1289 446 1379 †
465 1289 539 1382 Ego
555 1289 724 1362 Rainerius
738 1289 900 1376 Dandulo‚
913 1291 998 1361 lilius
1009 1289 1131 1364 domini
1145 1288 1276 1361 llenrici
1289 1287 1441 1371 banduli,
1454 1288 1498 1357 dei

324 1417 431 1508 gratia
450 1415 550 1488 Ducis
568 1415 729 1500 venetie,
755 1417 857 1489 ricem
876 1421 949 1511 eJus
967 1418 1129 1503 retinens,
1149 1417 1210 1504 ridi
1228 1418 1260 1486 in
1279 1423 1395 1487 matre.
1423 1415 1498 1502 Quia

320 1541 451 1634 judices
470 1566 536 1615 non
551 1544 752 1636 jnraverunt,
770 1545 948 1639 subscripsi
965 1567 1042 1638 ego.

412 1670 488 1765 Ego
514 1670 724 1742 Paternianus
749 1670 938 1765 Daputheo,
964 1671 1182 1743 subdiaconus
1201 1684 1235 1742 et
1252 1669 1418 1751 notarius,
1440 1669 1497 1741 boc

325 1796 505 1892 exemplum
533 1797 711 1891 exemplari
735 1798 850 1870 eodem
879 1799 1104 1894 suprascripto
1129 1820 1213 1870 enno
1233 1804 1415 1880 otmense,
1441 1819 1497 1868 uec

323 1923 406 2007 ouri,
426 1947 489 1995 nec
506 1923 616 2008 minui,
636 1925 794 2020 complevi
814 1932 848 1998 et
865 1926 1028 2001 roboravi.

412 2081 445 2144 ln
460 2081 555 2147 altero
571 2083 735 2169 exemplari
750 2083 914 2169 subscripti
930 2089 999 2148 sunt
1014 2083 1060 2148 hi:

411 2213 441 2306 †
458 2216 532 2310 Ego
553 2215 711 2287 Venerius
730 2215 924 2300 Dalmatius,
949 2215 1114 2310 presbiter
1131 2220 1245 2286 sancte
1262 2215 1401 2300 iustine,
1420 2215 1497 2285 sicut

321 2341 385 2412 vidi
403 2342 436 2410 in
455 2349 572 2428 matre,
590 2343 686 2414 testis
705 2365 776 2414 suns
794 2343 826 2413 in
844 2343 920 2416 lilia.

409 2467 531 2564 †Ego
552 2469 633 2554 Oto,
661 2471 764 2542 sancti
783 2471 898 2544 Jacobi
916 2469 1078 2565 presbiter
1096 2476 1130 2540 et
1148 2469 1313 2556 notarius,
1338 2470 1424 2542 sicut
1439 2467 1495 2538 ridi

319 2595 352 2666 in
371 2602 487 2682 matre,
508 2599 552 2669 ita
569 2595 731 2668 testificor
748 2597 780 2666 in
799 2596 874 2669 lilia.
982 2689 983 2692 Ἴ

410 2723 439 2815 †
456 2724 531 2819 Ego
551 2724 740 2796 Dominicus
758 2723 889 2810 Suauie,
909 2725 1063 2796 diaconus
1081 2730 1116 2795 et
1133 2725 1293 2808 neurius,
1311 2724 1378 2796 boc
1392 2746 1495 2796 excur-

318 2849 406 2943 plurn
429 2851 606 2945 exemplari
631 2853 696 2924 hoc
714 2853 938 2946 suprascripto
956 2875 1040 2926 anno
1061 2857 1096 2922 et
1113 2873 1242 2936 mense,
1268 2873 1332 2923 nec
1350 2852 1422 2922 auxi
1438 2873 1495 2922 nec

317 2977 426 3061 nrinui,
447 2979 606 3072 complevi
626 2986 659 3051 et
676 2979 836 3051 roborari.

853 3123 961 3194 xcvi.

675 3247 792 3313 facturr
807 3249 986 3328 tergestina
1001 3247 1143 3312 civitatis.

610 3350 642 3405 l.
664 3352 691 3406 d.
713 3353 799 3414 1202.
828 3350 872 3408 dis
894 3353 919 3408 5.
948 3352 1043 3408 mensis
1064 3349 1197 3406 Octobris.

404 3461 498 3526 Liber
520 3462 612 3526 Albus
642 3463 694 3527 fol.
720 3464 786 3530 252
807 3485 872 3551 sqq.
909 3463 1003 3528 Liber
1025 3463 1183 3528 Paetorum
1204 3464 1245 3539 Η,
1266 3462 1317 3527 fol.
1344 3463 1410 3530 233
1431 3483 1489 3549 sqq.

315 3569 416 3634 Edidit
438 3570 624 3635 Romania.
647 3571 667 3635 l.
684 3571 704 3634 l.
721 3571 758 3645 ll,
775 3571 851 3639 423.

402 3680 570 3745 Andreas
594 3680 788 3746 Dandulus
811 3681 840 3746 in
857 3680 1006 3746 Chronico
1022 3681 1043 3745 l.
1061 3701 1089 3745 c.
1106 3703 1135 3766 p.
1153 3683 1235 3747 320:

403 3787 556 3877 Sequenti
568 3811 652 3855 cono
669 3787 805 3876 (1202),
817 3791 948 3878 paretes
959 3790 1062 3878 paleis
1078 3799 1110 3857 et
1120 3791 1195 3856 aliis
1205 3790 1352 3880 occipio,
1370 3792 1491 3859 comice

315 3897 434 3963 Gallici
449 3918 518 3964 cum
532 3900 648 3965 militie
664 3901 804 3988 equestri
823 3907 854 3966 et
870 3901 1015 3987 pedestri
1038 3901 1212 3966 ascendunt
1230 3922 1348 3980 ncoea;
1371 3911 1404 3968 et
1417 3903 1489 3967 oso

312 4027 382 4072 eum
401 4007 605 4074 multitudine
623 4009 802 4076 lsenctorum
825 4015 856 4074 et
875 4009 1058 4075 Italicorum
1073 4031 1091 4073 e
1107 4016 1207 4097 portu
1221 4010 1262 4074 de
1275 4031 1383 4075 mense
1400 4011 1489 4077 Octo-

311 4115 377 4180 tro
402 4116 541 4200 feliciter
567 4126 694 4184 coeunt.
730 4121 951 4184 Treeoztomm
978 4119 1059 4184 emm
1080 4118 1278 4207 accipiemus
1299 4123 1374 4204 sere
1399 4121 1489 4188 stolus

311 4231 392 4290 erut.
416 4227 496 4290 Due
510 4231 585 4291 broc
604 4227 801 4315 Terpeotinoe
816 4235 848 4293 et
862 4229 1040 4316 Muplenseo
1050 4237 1141 4293 'neore
1156 4228 1341 4313 infestantes
1356 4229 1488 4319 compri-

309 4352 396 4398 mere
411 4333 566 4400 onbelano
581 4355 651 4401 eom
666 4344 766 4424 parte
780 4336 856 4402 stoli
870 4337 947 4402 illuc
961 4337 1098 4414 divertit,
1122 4344 1153 4403 et
1166 4338 1239 4403 illos
1255 4339 1380 4425 apertu
1387 4337 1487 4426 portis

310 4442 417 4508 obolos
432 4441 557 4515 badad.
581 4445 717 4512 votivam
733 4447 918 4532 fidelitatem
933 4453 963 4512 et
977 4445 1201 4532 adjectionem
1215 4449 1392 4535 offerentes.
1414 4449 1486 4514 ore

310 4555 414 4614 ostem
436 4552 569 4616 mollem
589 4575 642 4618 eos
659 4555 770 4638 fideles
791 4576 884 4642 quom
903 4557 1058 4641 subjectos
1073 4556 1249 4643 acquirere,
1273 4559 1315 4623 de
1334 4565 1483 4646 perpetuo
