3148 5080
310 321 361 396 44
707 328 950 384 Cunusorunmum
965 327 1065 382 Anrxrr
1080 330 1099 383 l.

310 501 490 566 Venetormn
512 497 614 562 obtare
632 502 745 562 eontra
761 491 978 578 neormam).
1000 495 1058 580 qni
1070 495 1144 578 jam
1164 495 1211 560 ed
1229 495 1364 582 Imperii
1384 497 1500 560 demna

306 609 458 680 redierat,
475 626 619 694 eqremrrs
631 603 720 670 eirea
732 602 930 670 Daroebinm
943 603 1056 668 betium
1070 604 1232 680 commisit,
1249 605 1282 670 in
1298 627 1358 692 qno
1376 626 1422 668 es·
1437 605 1501 670 oria

304 725 336 784 et
356 717 474 783 Veneris
489 714 597 780 mettis
612 713 727 778 occisis
743 719 774 776 et
790 711 895 798 captia
911 713 1114 778 succumbens
1127 716 1239 802 [aqam
1254 715 1407 802 arrirrait.

398 823 482 906 Quae
499 824 548 887 bio
565 823 698 885 brevitor
716 819 871 884 admodum
889 825 979 904 atquo
996 820 1143 884 frustatim
1161 821 1338 903 allegantur,
1364 824 1446 886 iurat
1466 843 1502 885 ex

176 953 178 960 ’
305 933 421 998 Graecis
438 931 638 1016 scriptoribus
655 929 817 993 illustrare.
842 927 949 1011 Neque
966 933 1014 992 est
1031 929 1110 1013 quod
1128 930 1292 994 excusandi
1313 933 1413 1012 gratia
1431 929 1501 1016 quid

304 1045 503 1128 proteramus.
529 1041 647 1126 Quippe
672 1040 729 1103 boo
751 1037 848 1122 ipsum
872 1036 1107 1121 chrysubullium
1128 1039 1219 1122 longe
1236 1045 1268 1104 et
1283 1040 1501 1130 amplissimum

304 1157 353 1216 est
368 1156 399 1216 et
413 1149 640 1234 gravissimum
663 1153 777 1234 etque
799 1145 926 1230 posthae
943 1165 959 1210 a
977 1148 1152 1214 Graecorum
1174 1149 1409 1233 imperatoribus
1428 1169 1500 1213 eon-

303 1281 392 1326 eessa
415 1263 486 1323 sunt
502 1257 628 1324 Venetis
653 1255 812 1340 privilegia
829 1275 854 1318 s.
873 1254 1092 1340 obrysobullia.
1118 1278 1153 1322 ea
1171 1257 1268 1322 ornnia
1291 1258 1321 1322 in
1345 1258 1404 1322 boe
1419 1263 1454 1322 ut
1469 1257 1500 1322 in

302 1369 495 1434 fundamento
512 1365 611 1450 posita
627 1371 659 1429 et
673 1363 807 1428 stabilita
824 1369 901 1428 sunt.
926 1363 1028 1448 ltaque
1047 1385 1085 1428 ex
1101 1366 1203 1430 Anna
1220 1365 1407 1430 comnena
1424 1365 1500 1430 duos

222 1538 226 1544 .
301 1476 385 1542 loeos
397 1477 447 1540 hio
463 1473 702 1557 transponendos
720 1472 865 1544 duximus,
883 1491 996 1558 eosque
1010 1473 1119 1562 Graece
1136 1481 1166 1539 et
1182 1475 1291 1540 Latine
1308 1474 1496 1538 exhibemus.

373 1584 454 1647 Anna
471 1582 623 1664 comnena
641 1580 673 1660 4,
691 1581 711 1644 2
729 1579 794 1666 (ed.
813 1579 872 1642 Pa·
904 1613 909 1622 ·
998 1584 1163 1666 lmperator
1180 1583 1220 1647 de
1233 1583 1279 1648 his
1292 1582 1432 1648 omnibus
1445 1603 1500 1666 per

305 1685 872 1776 ris,p.ltlb;ed.Bonn.T.l,p.ltll):
928 1689 1033 1755 literas
1058 1689 1221 1774 Palaeologi
1247 1691 1389 1764 edoctus,
1416 1691 1500 1767 item,

307 1799 345 1864 ‘0
359 1800 392 1863 δὲ
403 1803 602 1886 αὐτοκράτωρ
614 1796 873 1885 (Alexiuslllom
928 1798 1007 1884 quod
1025 1820 1128 1864 mense
1144 1800 1246 1870 lunio.
1265 1807 1401 1884 utsupra
1418 1799 1502 1862 rela-

303 1907 529 1994 nenus)rrtrra
543 1907 593 1971 διὰ
607 1911 802 1993 γραμμάτων
818 1914 873 1968 τοῦ
926 1913 989 1972 tum
1011 1913 1069 1982 est,
1092 1908 1285 1990 trajecisset,
1310 1915 1342 1972 et
1362 1909 1501 1992 quamvis

305 2017 517 2103 Παλοιολόγου
544 2013 794 2100 turbabar-itte,
823 2021 874 2077 rai
927 2015 1051 2079 maxima
1073 2021 1254 2101 tempestate
1279 2037 1316 2081 ae
1338 2017 1500 2098 naufragio

304 2129 363 2190 tim
384 2131 465 2190 κατὰ
482 2131 532 2190 τὸν
552 2125 673 2187 Ἰούνιον
694 2135 778 2206 μῆνα
804 2121 872 2186 δια·
925 2123 1112 2208 interceptus
1139 2126 1249 2212 deique
1281 2129 1326 2190 ira
1355 2127 1498 2200 afflictus,

303 2233 539 2321 repeteretis
569 2236 586 2296 b
617 2233 709 2319 λόγος
738 2233 873 2319 φθάσας
926 2251 984 2295 non
1008 2232 1188 2298 absterritus
1211 2241 1303 2307 esset,
1329 2235 1386 2298 sed
1405 2236 1499 2300 Aulo-

304 2340 465 2428 ἐδήλωσε).
478 2348 672 2422 καὶτοσούτῳ
685 2340 812 2406 κλύδωνι
823 2346 873 2402 καὶ
926 2360 993 2402 nem
1021 2360 1088 2404 eum
1115 2344 1179 2406 suis
1206 2343 1365 2407 comitibus
1398 2345 1496 2426 primo

302 2459 444 2538 ναυαγίῳ
480 2451 692 2537 κατασχεθεὶς
731 2455 782 2512 καὶ
821 2451 871 2529 οἵᾳ
924 2449 1037 2532 impetu
1060 2451 1209 2534 cepisset,
1237 2453 1377 2537 quodque
1408 2453 1499 2518 innu-

303 2560 458 2643 θεομηνίᾳ
493 2565 660 2646 περιπεσὼν
704 2561 762 2644 οὐχ
797 2561 871 2620 bne·
925 2577 1016 2622 merae
1037 2557 1238 2644 undecunque
1260 2559 1358 2645 eopia
1382 2561 1496 2626 nivium

303 2668 416 2741 στάλη,
450 2667 528 2732 ἀλλὰ
558 2675 609 2731 τὸν
632 2667 764 2732 Αὐλῶνα
793 2673 871 2749 μετὰ
925 2665 1019 2730 instar
1043 2666 1214 2732 hiemalium
1236 2669 1333 2734 denuo
1360 2669 1400 2734 ad
1429 2693 1497 2736 eum

302 2787 363 2840 τῶν
377 2780 430 2840 σὺν
443 2780 529 2857 αὐτῷ
542 2771 791 2850 ουνελθόντωνέξ
802 2780 873 2862 tqo'-
925 2776 1128 2850 confluerent,
1163 2777 1356 2862 levioresque
1384 2783 1498 2855 animo,

303 2885 871 2972 δοοκαεέσχε,καὶὄπωςοιῦθιςὰπαν-
926 2884 1499 2975 falsinominislliohaelemreverapro

302 2996 442 3078 εαχόθεν
466 2993 707 3080 ἀπειροπληθεῖς
728 2992 871 3076 δυνάμεις
925 2993 1274 3077 lmperatorehebontes‚
1287 2996 1515 3061 adliobertum·

302 3105 734 3190 εςαύτὸνσορρέοοσινιφάοιν
747 3105 873 3163 ἐοικυῖαι
926 3102 1119 3174 aroederent,
1138 3101 1319 3169 sollicitatus
1339 3111 1399 3180 est.
1418 3107 1502 3172 diffi-

301 3217 481 3297 χειμερὶῃσι,
504 3218 554 3274 καὶ
576 3215 605 3274 οἱ
627 3215 801 3298 κουφότεροι
820 3214 870 3271 τὸν
926 3211 1066 3276 cultatem
1077 3213 1500 3300 propositisecumreputans.

302 3320 501 3403 ψευδώνυμον
518 3320 565 3382 ἐπ’
579 3321 734 3393 ἀληθείας
746 3313 873 3405 Μιχοιὴλ
926 3319 1060 3405 Cumque
1083 3339 1154 3386 suas
1177 3325 1282 3406 copias
1299 3345 1339 3388 ne
1355 3324 1501 3389 multesi-

303 3430 380 3492 εἶναι
419 3433 468 3490 τὸν
509 3426 642 3510 βασιλέα
680 3433 872 3499 πιστεύοντες
926 3449 1002 3492 mam
1023 3429 1145 3514 quidemr
1167 3440 1282 3514 partem
1299 3430 1427 3497 Roberti
1445 3454 1502 3498 eo-

302 3543 525 3624 προσέρχονται
539 3545 583 3615 τῷ
600 3537 790 3622 Ῥομπέρτῳ,
803 3535 869 3598 tis·
925 3537 1040 3620 piarum
1079 3557 1198 3621 aquare
1230 3539 1501 3614 animadverteret,

303 3645 368 3728 δίει,
386 3649 462 3730 πρὸς
479 3650 580 3717 τὸτῆς
595 3645 776 3716 ὑποθέσεως
793 3649 871 3708 ἀπο·
925 3664 961 3707 ex
989 3644 1116 3709 Oriente
1145 3647 1263 3712 'tureos
1295 3651 1503 3716 arcessendos

302 3753 423 3838 βλέπων
450 3755 597 3840 μέγεθος.
638 3755 699 3816 Καὶ
729 3759 786 3826 τὰς
819 3753 869 3816 ὑπ’
925 3752 1024 3822 duxit.
1049 3753 1138 3838 idque
1155 3755 1280 3822 sultano
1305 3778 1341 3822 eo
1360 3764 1503 3846 tempore

323 3983 351 4059 ¹)
373 3986 421 4040 Ubi
440 3987 613 4041 bluratoriue:
633 3987 662 4040 in
687 3986 787 4040 eodieis
806 3985 970 4042 Ambrosiam
991 3987 1184 4058 marginales
1205 3991 1344 4061 leguntur:
1364 3993 1440 4049 alibi
1459 4000 1503 4053 est

371 4075 472 4146 leqere,
491 4076 584 4132 Sitris
597 4077 676 4131 Dirce
689 4057 818 4132 Alesiam
830 4095 848 4130 r
865 4053 977 4132 Venetis
991 4077 1158 4150 impetrasse
1170 4079 1285 4135 eleerem
1298 4083 1417 4138 navium
1431 4103 1499 4142 ome·

370 4168 520 4222 roriarnm
533 4167 643 4234 xxxvl,
657 4167 819 4222 triremium
829 4166 893 4228 xlv,
904 4167 1083 4236 qaieotorum
1096 4170 1130 4223 tx
1140 4173 1241 4225 eontra
1250 4171 1409 4228 liebertum
1419 4175 1504 4231 Nor·

372 4275 518 4320 amrinum,
538 4259 589 4332 qni
604 4275 703 4333 pererro
718 4261 785 4314 tane
802 4257 904 4313 reduit
919 4273 982 4312 eum
997 4259 1107 4314 Aleria.
1125 4261 1227 4336 Itaque
1244 4262 1344 4320 Veneti
1351 4263 1387 4320 eb
1399 4267 1504 4324 Aleria

371 4347 485 4406 merem
498 4350 610 4406 remieri
621 4351 750 4421 ingentia
763 4349 853 4412 dona,
873 4347 951 4404 inter
965 4367 1027 4424 qne
1039 4367 1164 4424 corpora
1175 4351 1362 4419 Summarum,
1382 4361 1412 4414 et
1424 4359 1505 4416 eliu

370 4443 483 4496 sanetas
508 4439 658 4514 reliquiar,
686 4456 794 4495 mernor
820 4443 847 4494 et
873 4439 986 4510 lar-qum
1010 4441 1237 4510 Cbrreobrltium
1258 4445 1294 4500 ab
1316 4446 1504 4521 Imperatore

375 4531 474 4586 Graeco
488 4547 550 4586 emm
560 4529 741 4602 mestitudine
753 4532 950 4603 reportarant.
