3148 5080
165 339 408 398 unanimam
421 361 570 401 raausssm
585 361 621 399 aa
637 361 694 400 nou
709 361 829 400 nonam.
844 361 874 400 m
889 345 982 398 [tuan.
995 342 1178 398 Nanunamm.
1235 331 1281 404 41

80 505 285 579 detinebant,
302 529 371 574 man
383 509 496 574 nauali
508 512 600 575 stolio
612 511 775 597 perrexit.
793 517 824 575 et
835 511 943 575 urbem
958 509 1100 581 intravit,
1117 517 1149 573 et
1164 509 1288 575 virtua-

1 613 2 618 ’
82 615 169 682 libus
184 619 306 690 munit,
331 626 364 684 et
378 640 449 685 eum
467 621 620 708 Greporio
633 617 661 705 ¹)
679 627 840 708 catapano
855 619 1021 706 imperiali
1034 616 1149 704 urbe2)
1174 619 1289 683 eaieras

82 723 123 787 de
141 724 323 791 Saracenis
338 727 506 793 vidoram
522 727 642 800 babuit,
666 735 697 793 et
713 729 849 794 liberata
865 728 943 792 urbe
959 727 998 792 ab
1015 727 1176 793 obsidione
1196 729 1288 792 Vene-

82 833 150 897 tiae
164 835 277 900 rediit.
294 837 372 901 Post
382 837 483 902 Dueia
498 838 644 910 reditum,
662 859 746 902 anno
758 837 906 902 videlieet
919 883 1062 899 ......
1074 835 1117 922 ⁸),
1132 837 1289 902 loannem

84 941 211 1007 Duemn
233 965 305 1008 eum
323 945 438 1010 Ottone
457 947 565 1029 fratre
585 945 680 1029 mittit
697 945 1001 1032 Constantinopolim
1023 945 1069 1010 ad
1087 944 1243 1009 Basiliam
1259 951 1291 1009 et

85 1051 334 1118 &instantium
361 1051 592 1141 Imperatores,
626 1054 683 1142 pui
712 1075 782 1119 eum
813 1053 933 1118 bonore
962 1053 1170 1140 maciprientes
1200 1053 1290 1116 illum

84 1157 270 1244 llariamt)
287 1182 333 1226 en·
346 1183 457 1226 sorore
471 1170 607 1250 neptem,
621 1163 723 1248 filiam
738 1163 853 1228 nobilia
868 1161 933 1226 oiri
946 1161 1148 1249 Arpiropolis
1173 1157 1289 1247 [Argy-

85 1263 221 1356 ropoliJ.
245 1269 326 1334 sutas
346 1271 515 1358 splendide
533 1271 674 1336 dotatam
695 1269 758 1336 sibi
779 1271 814 1336 in
837 1270 1002 1358 eonjupem
1025 1270 1200 1344 tradidere,
1223 1277 1289 1334 sta·

86 1385 220 1466 tutoque
236 1379 291 1444 die
305 1380 492 1466 nuptiarum
507 1381 657 1468 eonjupee
672 1379 708 1444 in
724 1380 850 1466 capella
871 1377 1035 1466 imperiali
1056 1400 1077 1442 a
1098 1377 1291 1464 patriarcba

86 1485 445 1575 Constantinopolitano
482 1509 595 1552 munus
631 1487 858 1554 beraedietionis
896 1493 926 1550 et
965 1485 1004 1550 ab
1041 1483 1290 1574 imperatoribus

85 1615 192 1659 aurea
216 1595 402 1660 diadenmta
423 1596 580 1682 capitione
597 1597 664 1662 suis
683 1615 861 1683 suseepere.
885 1595 1058 1660 Celebratis
1085 1595 1193 1682 daque
1221 1616 1291 1661 eum

83 1701 213 1768 bonore
249 1705 372 1791 nuptiis
414 1705 557 1772 loannes
593 1705 639 1770 ad
670 1703 916 1791 repatriandum
959 1703 1134 1791 dispositus
1163 1711 1288 1792 ¹ropatu

85 1811 209 1876 Basilii
240 1813 346 1877 euntu's
380 1821 492 1878 eoratra
519 1814 677 1900 Bulparos
709 1833 807 1900 usque
838 1813 883 1876 ad
914 1812 985 1898 ejus
1012 1812 1228 1878 reversionem
1255 1812 1289 1878 in

86 1921 167 1984 urbe
198 1941 271 1985 eram
301 1941 406 1985 amore
435 1922 598 1986 rernonsit.
633 1923 790 1986 Ileoersus
817 1941 939 2008 quoque
965 1920 1107 1986 Basilius
1134 1922 1290 1987 loannem

89 2027 214 2092 Ducem
222 2027 401 2114 patricium
412 2029 501 2114 seed,
514 2038 546 2095 et
556 2029 755 2116 supplicanti
764 2028 855 2116 nepti
866 2050 982 2117 eorpass
993 2037 1112 2094 saneta
1123 2029 1288 2100 Barbara.

87 2137 165 2220 filia
192 2118 359 2214 Dioseori,
383 2139 526 2226 pretiose
553 2137 717 2202 concessit.
754 2137 870 2214 Quibus
895 2137 1029 2212 obtentio
1053 2137 1194 2204 loannes
1220 2159 1291 2204 oum

89 2265 197 2309 auore
223 2252 257 2310 et
280 2247 388 2329 [latre
416 2245 557 2311 Venetiae
579 2247 693 2322 rediit,
722 2267 743 2309 a
764 2252 861 2331 patre
882 2253 912 2311 et
938 2245 1058 2312 Veneta
1083 2267 1152 2316 enm
1170 2247 1291 2335 paudio

89 2361 260 2440 reeepms,
285 2361 318 2418 et
340 2354 376 2418 iu
399 2357 527 2442 repella
548 2354 658 2419 dueali
678 2367 795 2441 eorpus
814 2361 932 2419 sanata
955 2355 1111 2420 barbara
1133 2355 1289 2444 deposuit.

92 2461 190 2547 Cujus
205 2463 332 2547 conjux
343 2463 445 2548 lilium
460 2464 495 2528 in
512 2461 815 2548 Constantinopolim
832 2470 1018 2550 aoneeptrsm
1031 2463 1171 2550 peperit,
1188 2485 1289 2530 auun-

91 2571 156 2636 ouli
168 2572 224 2636 aui
238 2571 360 2636 Basilii
374 2571 499 2637 nomine
513 2579 666 2638 vocabam.

652 2739 734 2810 XXI.

95 2875 333 2942 Dal-attam·
365 2880 522 2961 prontssts
553 2880 673 2945 tenetls
710 2880 847 2962 praestita
877 2879 914 2943 le
946 2897 1005 2942 aaa
1037 2881 1230 2945 almtttealls
1260 2881 1292 2944 tn

1 2989 2 3009 ¹
507 2988 685 3053 Butuntum
704 2987 887 3052 dramata.

478 3130 509 3182 Α.
523 3129 549 3181 d.
564 3129 644 3191 ibib,
658 3127 684 3181 b.
697 3127 733 3190 8.,
747 3143 779 3180 m.
793 3127 919 3181 Februar.

1 3303 2 3326 .
184 3254 228 3319 Ex
240 3255 349 3320 eodiae
361 3255 787 3340 diplomatiaoTrevisaneoS.
798 3255 903 3328 blansi,
919 3254 1071 3327 elassex„
1085 3253 1293 3330 eodaxxxt,

93 3365 145 3428 tol.
160 3363 240 3448 113,
257 3363 311 3428 ubi
326 3355 439 3446 legitur
453 3364 576 3428 lemma:
597 3363 705 3438 „1075
723 3385 759 3428 ax
770 3363 792 3436 1,
808 3364 885 3428 87.“
908 3359 1054 3428 habret
1070 3365 1108 3426 T.
1125 3365 1148 3437 Ι,
1165 3385 1194 3448 p.
1208 3363 1294 3438 2733

93 3471 212 3538 blarin
230 3474 268 3536 T.
286 3473 321 3546 ΙΙ,
339 3494 368 3557 p.
387 3473 463 3537 290.
492 3473 553 3548 „La
571 3477 652 3538 carta
670 3470 888 3555 obbligatoria,
912 3475 1017 3556 rogata
1034 3471 1071 3536 da
1089 3471 1189 3536 Pietro
1206 3471 1294 3536 Entio

94 3583 229 3647 Diacono
247 3583 278 3648 di
301 3581 336 3646 S.
354 3581 457 3648 Marso
475 3603 493 3646 e
511 3581 693 3666 cappellano
710 3579 759 3644 del
776 3581 877 3661 Doge,
903 3579 1123 3643 esottoseritta
1140 3579 1178 3643 ba
1194 3581 1247 3665 pila
1263 3581 1294 3644 di

95 3712 130 3754 un
155 3691 281 3755 Prolata
308 3691 340 3754 di
361 3691 461 3776 quella
488 3691 660 3773 provincia,
684 3693 731 3754 ata
755 3689 918 3771 registrata
940 3687 989 3752 eoi
1013 3689 1088 3772 patti
1116 3687 1166 3752 nel
1188 3689 1295 3754 codiee

96 3799 319 3864 Trevisaneo“.
346 3799 526 3863 Romania
543 3797 564 3861 l.
582 3797 602 3862 l.
619 3819 650 3883 p.
668 3796 744 3862 391.

181 3907 325 3974 Andreas
348 3905 553 3972 Dandalas
575 3907 606 3971 in
622 3907 766 3971 ehroniao
782 3906 802 3969 l.
820 3925 847 3970 a.
865 3926 896 3990 p.
914 3904 995 3971 248:
1019 3906 1057 3972 ln
1074 3928 1135 3993 quo
1153 3913 1295 3997 tempore

94 4017 277 4084 Nommnni
296 4015 555 4083 Dalmalinorum
573 4019 653 4102 fines
677 4015 832 4084 inuadunt
847 4021 880 4080 et
894 4015 1071 4082 destruunt.
1095 4015 1177 4082 Dua
1197 4019 1297 4107 ipitur

120 4285 146 4358 ¹)
164 4287 278 4341 blatan:
298 4287 327 4340 in
341 4285 460 4357 margine
473 4283 533 4340 eod.
547 4285 651 4340 Amba:
672 4285 749 4352 „aliis
762 4285 948 4359 Hieronymd'.
993 4267 997 4272 ³

118 4375 146 4450 ¹)
165 4375 412 4451 Constantinopoli.

119 4467 147 4542 ⁸)
166 4471 317 4528 Leonnaia
331 4471 447 4526 aditione
460 4469 645 4526 Maratoriana.

1 4627 2 4645 Χ
120 4558 147 4633 t)
165 4561 283 4618 Mutat:
298 4559 389 4617 Codex
403 4561 524 4618 Ambrae.
537 4561 698 4616 Maribam
713 4576 825 4633 semper.
