3148 5080
303 354 354 430 48
701 367 939 426 Onnrsosuusnuu
953 369 1056 430 buxu
1070 373 1089 428 ί.

304 535 449 598 Βενέτιιιοι
477 533 764 618 διαναπαυσάμενοι
788 537 868 598 ἀπο-

303 642 456 708 στέλλουσι
471 646 545 728 πρίν
558 647 608 706 τὸν
625 641 759 726 βασιλέα
774 648 869 729 πρέσ-

302 749 380 835 βιις,
403 750 620 834 διαμηνίνοντες
643 757 682 816 τὰ
706 757 868 838 γεγονότα.

305 858 343 922 ‘0
360 858 393 924 δὲ
416 860 717 948 φιλοφρονησάμενος
743 865 869 941 αὐτούς,

304 969 348 1042 ὡς
373 971 462 1050 εἰκός,
485 973 535 1034 καί
556 976 673 1055 μυρίων
690 973 869 1056 εὐεργεσιῶν

303 1073 442 1152 ἀξιώσας
479 1078 643 1159 ἀπέλυσεν,
685 1079 869 1152 ἀποστείλας

302 1186 367 1267 μετ’
386 1190 488 1249 αὐτῶν
511 1195 661 1274 χρήματα
684 1193 773 1252 ἱκανὰ
793 1193 869 1274 πρός

303 1317 335 1356 τε
356 1299 407 1358 τὸν
425 1298 528 1360 Δοῡκα
551 1300 692 1370 Βενετίας
719 1301 769 1360 καί
797 1301 869 1368 τοὺς

303 1403 353 1468 ὑπ’
370 1407 462 1468 αὐτὸν
481 1408 651 1491 ἄρχοντας.

362 1510 867 1600 nnnacornnenan.usuraria.
989 1517 1078 1581 Brevi
1115 1521 1253 1600 temporo
1297 1515 1499 1599 praeterbpsu

302 1612 867 1707 p.runnu.nonn.n.1‚p.2susqq.):
922 1625 1046 1700 Veneti,
1069 1624 1226 1690 instructis
1243 1621 1445 1690 dromonibus
1468 1625 1502 1686 et

302 1731 420 1816 Καιροῦ
448 1729 476 1794 δ’
499 1732 600 1817 ὀλίγον
622 1737 869 1818 παρερρυηκότος
920 1733 1094 1798 triremibus
1112 1731 1327 1816 nonnullisque
1346 1732 1503 1815 aliispsr·

303 1837 467 1924 δρομωνάς
490 1863 521 1902 τε
543 1847 592 1906 καί
615 1847 747 1926 τριήρεις
764 1844 866 1924 ειίτρι-
922 1843 968 1906 vis
996 1848 1027 1906 et
1058 1841 1212 1907 veiooibus
1245 1841 1399 1922 nauigiis,
1432 1857 1502 1904 uum

302 1953 446 2020 πίσαντες
461 1952 491 2014 οί
505 1951 649 2012 Βινίτικοι
665 1955 715 2014 καί
731 1947 868 2014 ἀλλάττει
922 1949 1084 2016 maioribus
1116 1948 1231 2014 viribus
1264 1947 1414 2014 adversus
1441 1948 1504 2012 iio·

302 2066 363 2120 τῶν
379 2068 494 2142 μικρῶν
507 2063 556 2122 καί
568 2056 774 2142 ταχυδρόμων
787 2069 868 2128 νηῶν
922 2057 1038 2124 bertum
1063 2057 1273 2140 egrediuntur.
1305 2054 1446 2141 Cumque
1471 2057 1503 2118 in

302 2170 381 2248 μετὰ
396 2165 530 2238 πλείονος
544 2165 705 2248 δυνάμεως
722 2171 802 2229 κατὰ
815 2175 869 2227 τοῦ
922 2187 1000 2238 oum,
1022 2185 1120 2250 propo
1138 2165 1316 2228 Buthrotum
1334 2169 1502 2230 stutiouem

306 2270 494 2360 Ῥομπίρτου
509 2277 662 2360 ἔρχονται.
681 2277 742 2336 Καί
759 2273 796 2344 δὴ
810 2297 867 2336 κα·
922 2273 1099 2346 bubeutsm,
1137 2273 1334 2346 incidissent,
1381 2275 1503 2359 proelio

304 2381 495 2465 ταλαβόντες
512 2385 603 2446 αὐτὸν
620 2390 686 2468 περί
698 2385 869 2468 iio-ipsorum
923 2385 1082 2448 summisso
1106 2381 1244 2463 graviter
1270 2402 1339 2444 sum
1366 2383 1504 2454 vineunt.

303 2490 498 2574 αὐλιζόμενον
515 2495 565 2554 τὸν
582 2491 647 2573 μετ’
663 2495 759 2554 αὐτοῦ
772 2495 868 2552 συνά·
924 2490 1023 2556 multis
1039 2491 1140 2562 eaesm,
1157 2490 1297 2574 pluribus
1312 2491 1407 2554 etiam
1422 2511 1505 2554 mer·

300 2620 408 2664 πτουσι
430 2597 558 2681 πόλεμον
579 2605 628 2662 καί
654 2605 734 2662 κατὰ
758 2603 870 2684 κράτος
923 2600 984 2672 sis;
1023 2620 1079 2664 neo
1111 2599 1235 2662 muitum
1268 2599 1385 2672 abfuit.
1430 2601 1506 2683 quin

300 2719 414 2785 νικῶσι,
426 2706 554 2779 πολλοὺς
562 2713 616 2790 μίν
628 2709 869 2788 ἀποκτείναντες,
923 2707 1020 2789 ipsum
1039 2705 1131 2770 titium
1148 2707 1216 2790 ojus
1232 2726 1428 2786 germanum,
1448 2708 1506 2772 Gi-

301 2817 441 2887 πλιίονας
466 2815 500 2878 δὲ
521 2823 571 2878 καί
594 2813 798 2898 βυθίσαντες·
815 2838 868 2898 μι-
924 2814 1010 2887 rium,
1036 2823 1067 2879 et
1083 2815 1200 2879 Guttam
1224 2817 1390 2899 conjugem
1409 2837 1508 2902 unpe-

300 2933 373 3011 κροῡ
387 2922 419 2986 δὲ
434 2923 492 2988 δεῖν
506 2930 556 2986 καί
573 2926 665 2986 αὐτὸν
681 2929 730 2985 τὸν
748 2930 869 3008 γνησίου
924 2927 1000 2986 rent.
1035 2922 1263 3007 splendidaque
1292 2945 1330 2988 ox
1359 2928 1430 3010 ipso
1459 2947 1508 2990 ro·

302 3037 364 3096 υἱὸν
378 3035 473 3096 αὐτοῦ
486 3031 573 3094 Γίδον
586 3035 637 3094 καί
653 3041 705 3102 τὴν
718 3037 869 3115 ὁμευνέτιν
925 3038 1041 3114 portatu
1061 3032 1204 3103 uictoria,
1231 3031 1418 3116 imperaturi
1442 3054 1509 3098 rem

301 3146 451 3226 κατέσχον
475 3141 602 3204 Γαῖταν.
629 3143 690 3203 Καί
705 3147 785 3212 νίκην
802 3142 869 3203 κατ’
924 3160 1040 3203 omnem
1064 3140 1210 3202 nuntiant.
1238 3139 1297 3222 Qui
1323 3141 1430 3204 multis
1453 3163 1511 3220 ¹uos

302 3253 398 3314 αὐτοῦ
420 3249 565 3333 λαμπρὰν
583 3252 731 3333 ἀράμενοι
748 3247 869 3319 δηλοῦσι
925 3247 1098 3326 muneribus
1116 3254 1146 3310 et
1163 3247 1331 3312 honoribus
1349 3250 1510 3328 afficiens,
1561 3277 1567 3290 ·

301 3363 405 3422 πάντα
424 3364 468 3436 τῷ
491 3354 622 3440 βασιλεῖ.
650 3357 708 3428 Ὃς
728 3355 778 3418 διὰ
795 3355 869 3418 πολ·
924 3357 1020 3438 ipsum
1057 3373 1176 3440 quoquo
1210 3355 1326 3432 Duuom
1363 3357 1509 3425 Venutius

302 3467 363 3530 λῶν
397 3471 525 3535 τούτους
561 3465 771 3546 ἀμειψάμενος
807 3462 869 3525 ‹ios-
924 3461 1205 3526 Protosobsstorum
1234 3463 1406 3546 dignitate.
1440 3487 1512 3532 eum

303 3586 381 3661 ρεῶν
410 3575 461 3634 καὶ
487 3583 587 3653 τιμῆς,
620 3578 671 3634 καί
699 3575 791 3634 αὐτὸν
821 3575 870 3634 τόν
924 3571 1033 3634 salario
1063 3575 1269 3652 congruente,
1304 3575 1445 3648 ornavit,
1484 3581 1515 3640 et

302 3685 405 3744 Δοῡκα
419 3681 561 3750 Βενετίας
577 3687 620 3758 τῷ
634 3689 695 3740 τῶν
707 3680 870 3764 Πρωτοσε-
925 3677 1103 3760 patriurchis
1120 3699 1225 3741 eorum
1240 3679 1414 3764 Hypertimi
1432 3685 1513 3748 titu-

302 3789 429 3873 βάσεων
448 3783 600 3871 ἀξιώματι
623 3791 702 3869 μετὰ
719 3797 775 3856 τῆς
791 3787 870 3847 ἀνα·
924 3785 1000 3856 ium,
1042 3805 1109 3848 oum
1149 3788 1261 3850 sutorio
1300 3799 1513 3872 congruente.

301 3898 671 3981 λόγουρὁγαςίτίμησεν,
692 3891 870 3978 ’Υπέρτιμον
925 3891 1089 3956 noncessit.
1127 3894 1206 3973 Quin
1239 3904 1272 3958 et
1302 3899 1449 3964 omnibus
1484 3904 1516 3966 iu

302 4005 450 4066 δὲκαίτίν
460 4005 657 4086 πατριάρχου
667 3997 871 4087 σρῶνὴξίωσε
926 3999 999 4062 urbs
1018 3999 1145 4063 Venetis
1168 4001 1313 4068 eeclesiis
1338 4010 1405 4070 auri
1426 4031 1517 4074 sum-

302 4118 383 4197 μετά
401 4123 457 4182 τῆς
474 4110 628 4192 ἀναλόγου
645 4112 754 4194 ῥίγους.
779 4107 871 4170 Ἀλλὰ
926 4125 1002 4168 mam
1026 4106 1141 4189 turgum
1159 4113 1320 4192 quotannis
1338 4136 1376 4181 ex
1396 4123 1517 4184 aerario

302 4229 353 4284 καί
364 4224 482 4289 πάσαις
495 4229 565 4288 ταῖς
582 4219 612 4276 ἐν
627 4217 750 4295 Βενετίᾳ
767 4215 871 4286 ίκκλη·
924 4215 1119 4296 imperatorio
1137 4217 1281 4282 distribui
1294 4221 1401 4300 jussit.
1424 4225 1517 4294 Ροε-

303 4337 385 4399 σίαις
419 4332 547 4411 χρυσίου
579 4328 735 4393 ποσότητα
768 4322 871 4392 ίκανὴν
926 4322 1519 4416 teneursolesiae,innomenevangeli·

303 4443 432 4507 ἐτησίοις
462 4431 684 4512 διανείμασθαι
718 4431 778 4490 ἀπὸ
811 4439 870 4490 τῶν
926 4433 980 4490 stae
992 4429 1181 4516 apostolique
1195 4433 1520 4514 bturuinonditrmve·

304 4543 471 4632 βασιλικῶν
489 4547 632 4622 ταμιείων
656 4540 798 4600 ἐκέλευσε.
825 4539 870 4616 Τῇ
927 4534 1056 4615 ctigales
1070 4538 1519 4632 feeitomuesAmaIphitanuS,
