3110 5080
295 375 371 448 456
699 387 835 442 Ριιιτιτιο
848 403 935 442 ononi
948 389 1066 442 ὓπιεοι.
1106 363 1110 372 ’

293 558 403 639 χώρας
431 559 470 614 τὰ
498 551 599 616 πλείω.
629 552 759 638 Λίγυρες
785 559 884 634 μέντοι
912 559 965 624 τὴν
994 553 1129 638 Εὔβοιαν
1151 551 1251 634 πολλῷ
1275 559 1319 616 ἔτι
1341 553 1473 616 παλαιό·

293 685 377 750 τερον
401 667 560 747 κατέσχον·
583 659 639 750 ἀρ’
656 661 697 724 ὧν
714 665 924 746 ἐπιτραπέντες
947 665 976 726 οἱ
991 664 1127 726 Ουἐνετολ
1145 663 1192 726 ἐπὶ
1209 666 1293 750 ῥητῷ
1312 673 1368 735 τῆς
1384 669 1473 734 νὴσου

293 771 459 856 ἐπέβησαν.
490 773 575 833 Μετὰ
599 769 631 834 δέ
654 781 752 834 ταῦτα
774 777 854 834 κατὰ
876 769 984 857 βραχὺ
1006 777 1157 858 προϊόντες
1182 769 1352 856 ξύμπασαν.
1370 793 1402 833 τε
1424 779 1473 842 την

293 881 430 967 Εὔβοιαν
454 884 613 967 κατέσχον,
638 883 681 954 εές
706 879 855 969 διαφορὰν
879 889 961 969 optor
983 893 1043 944 τῶν
1065 883 1206 968 Λιγύρων
1235 881 1472 969 ἀφικνουμένων·

294 999 344 1054 καὶ
360 996 412 1061 τήν
425 1011 456 1050 τε
472 994 580 1076 χώραν
598 995 648 1052 nott
663 988 832 1074 προσόδους
849 993 960 1064 αὐτῶν,
978 993 1040 1052 ὅσοι
1057 1000 1119 1062 τοῖς
1139 993 1294 1062 Ου’τνετοῖς
1316 989 1474 1062 έπιτὴδειοι

295 1106 463 1188 ἐτύγχανον
479 1101 573 1174 ὄντες,
599 1102 685 1162 εἰσέτι
709 1103 759 1162 καὶ
779 1108 829 1161 νῦν
852 1097 1034 1163 διατελοῦσιν
1057 1104 1178 1186 ἔχοντες
1201 1107 1354 1163 καὶκατὰ
1377 1109 1475 1163 ταῦτα

296 1213 481 1296 ἐμμένοντες,
498 1207 547 1296 ἐφ’
561 1207 604 1281 οἶς
618 1207 808 1292 σπινδόμενοι
826 1213 929 1280 αὐτοῖς
945 1205 1114 1292 ξυνέβησαν
1127 1215 1206 1273 κατὰ
1217 1221 1308 1282 νῆσον
1325 1214 1356 1272 οἱ
1368 1212 1474 1273 Οὐεντ-

295 1326 351 1382 τοέ.
378 1317 416 1382 Ὃ
432 1325 531 1401 μέντοι
551 1318 718 1402 Ῥαινέριος
739 1325 788 1380 καί
811 1323 839 1380 ot
859 1317 1043 1402 Κελτίβηρες
1064 1323 1115 1380 κοιλ
1131 1317 1250 1381 Κελτῶν
1271 1322 1334 1381 ὅσοι
1360 1323 1410 1382 ἐπέ
1424 1327 1474 1388 τὴν

295 1440 352 1502 τῆς
368 1426 517 1500 Ἑλλάδος
537 1433 751 1514 καταστροφὴν
768 1430 913 1512 ἐγένοντο,
931 1427 1030 1507 πολλῷ
1046 1431 1168 1512 ὕστερον
1185 1435 1346 1515 φαίνονται
1365 1433 1472 1508 ἀφικό-

295 1559 377 1622 μενοι
400 1537 447 1600 ici
468 1541 517 1599 τδν
540 1547 641 1622 χῶρον
664 1546 780 1626 τοῦτον.
809 1534 975 1622 Ῥοιινέριος
996 1534 1028 1599 δὲ
1050 1543 1100 1599 coti
1114 1536 1214 1618 πολλῷ
1231 1540 1275 1600 έτι
1296 1537 1408 1610 νέηλυς
1424 1543 1475 1611 ὧν,

295 1651 460 1733 ἐπιγαμίαν
477 1671 508 1710 τε
524 1651 600 1732 πρὸς
615 1649 686 1718 τοὺς
703 1644 796 1734 (addc
812 1644 892 1730 τῶν)
909 1647 939 1708 ἐν
955 1658 991 1728 τῇ
1010 1645 1129 1730 Εύβοέᾳ
1146 1649 1285 1732 Λιγύρων
1302 1653 1474 1731 ποιησάμε-

295 1780 347 1830 νος
368 1764 417 1820 nott
441 1757 609 1842 Προθυμού
632 1753 669 1841 (l.
686 1761 844 1841 προτέμου,
869 1754 995 1839 nobilis)
1017 1761 1097 1826 τινος
1117 1755 1282 1842 θυγατέρα
1300 1761 1408 1841 ἔγημε,
1429 1765 1476 1820 καὶ

295 1875 348 1940 τήν
362 1889 393 1930 τε
405 1871 513 1953 χώραν
525 1869 689 1949 κατασχὼν
703 1865 853 1950 Κόρινθόν
865 1887 897 1927 τε
909 1868 1107 1951 έχειρώσοιτο,
1123 1871 1237 1936 καλιὴν
1249 1865 1474 1938 Πελοπόννησον

296 1981 407 2040 έπενδει
424 1979 467 2040 ὅτι
485 1979 618 2060 τάχιστα
634 1974 684 2062 op'
702 1977 802 2054 ἑαυτῷ
819 1975 1023 2046 ποιήσασθαι.

385 2085 423 2148 Et
438 2085 502 2147 baec
519 2084 637 2167 quidem
654 2081 691 2146 dc
702 2083 749 2146 his
762 2082 929 2168 scriptores
942 2082 1040 2146 Graeoi
1053 2082 1220 2146 secutorum
1237 2081 1310 2146 iiiii.
1323 2081 1400 2146 xlv.
1414 2083 1474 2148 XV.

384 2193 558 2277 Scriptores
571 2190 772 2256 occidentales
788 2193 853 2254 siro
869 2191 968 2255 botini
985 2193 1077 2256 cocti
1092 2191 1123 2254 io
1138 2210 1182 2262 re,
1199 2210 1286 2275 quum
1302 2196 1478 2264 tractamus,

295 2303 471 2390 exponenda
493 2303 564 2366 satis
589 2301 672 2384 porci
695 2321 765 2364 esso
785 2299 932 2364 videntur.
957 2299 1057 2383 Quid?
1080 2299 1159 2383 quod
1183 2320 1240 2363 uon
1262 2299 1371 2364 ieviter
1387 2303 1474 2364 eoam

294 2417 373 2480 inter
389 2435 423 2478 so
439 2413 498 2498 ipsi
514 2407 705 2476 discordant
717 2411 797 2495 Ergo
814 2411 955 2496 princeps
971 2409 1089 2473 illorum
1108 2409 1331 2483 historicorum,
1349 2411 1474 2475 Godo-

294 2526 425 2593 ircdns
442 2521 789 2588 Villo-Hntduinus
813 2521 841 2584 iu
865 2520 989 2584 historia
1011 2540 1065 2583 sua
1087 2525 1184 2604 ooptuo
1199 2517 1474 2604 Constantinopolis

295 2657 326 2721 p.
342 2634 404 2702 125
418 2633 465 2698 ed.
479 2631 593 2694 Puris:
616 2631 696 2694 Luro
712 2629 799 2714 (post
815 2629 944 2693 reditum
957 2628 1092 2693 balduini
1108 2629 1299 2712 Imperatoris
1314 2629 1478 2694 chossu·

294 2745 403 2818 lonico,
420 2741 477 2805 tino
494 2739 681 2824 Septembris
697 2738 765 2802 unni
782 2735 883 2823 tunt)
901 2759 1076 2818 commcnpo
1092 2738 1113 2802 ῐ
1122 2759 1163 2802 cn
1178 2741 1223 2803 leo
1239 2747 1342 2803 teneo
1358 2740 1477 2826 depur-

296 2854 361 2932 ttr,·
384 2853 409 2916 li
433 2850 571 2917 Venioicn
595 2855 687 2912 orcrtt
712 2849 745 2912 lo
768 2849 817 2912 lor
838 2855 934 2934 part,
959 2855 989 2912 αέ
1011 2849 1031 2911 l'
1039 2855 1087 2912 oct
1102 2849 1158 2912 dcc
1178 2849 1323 2912 Pelorino
1346 2848 1369 2912 ῐ
1377 2857 1476 2912 aurire.

386 2960 609 3026 Guntberus
637 2957 666 3019 in
694 2955 822 3020 Historia
847 2955 999 3041 Cpoiitunn
1025 2954 1152 3044 [Canisii
1177 2956 1324 3020 lectiones
1352 2959 1478 3042 antiquo

297 3069 344 3134 od.
361 3071 488 3150 basnag.
505 3067 541 3129 T.
559 3066 608 3142 tv,
626 3085 654 3148 p.
671 3065 758 3136 nvn,
776 3087 802 3129 c.
821 3063 940 3152 20]1):

388 3181 489 3266 Copta
504 3177 601 3264 ε’ρίέιιι·
615 3176 692 3240 urbo
707 3195 747 3240 ιιο
761 3177 913 3261 spoliato.
937 3181 968 3239 ct
988 3173 1067 3259 ε’ριέο
1081 3173 1236 3260 aedificiis
1251 3175 1342 3240 nonio
1360 3177 1478 3241 ciuibus

297 3287 488 3363 distributio,
511 3307 552 3349 nc
566 3285 682 3371 absque
694 3283 844 3370 principe
859 3283 951 3370 quusi
964 3281 1121 3368 trepton·
1133 3291 1352 3360 remanerent,
1377 3285 1479 3372 coepit

297 3399 337 3464 de
352 3394 617 3484 caperratum
633 3369 718 3456 ἰδέην
732 3413 785 3456 τοι
801 3392 940 3478 quaestio
956 3392 1085 3479 apitnri.
1107 3395 1211 3456 Erant
1225 3399 1331 3458 cutem
1342 3395 1407 3459 duo
1420 3394 1479 3457 riri

298 3504 510 3594 opinatiooimi
524 3509 555 3567 et
571 3465 708 3566 caletica
723 3501 757 3565 in
773 3502 918 3566 exercitu
933 3508 1052 3577 nostro,
1076 3501 1234 3567 Marcbi
1241 3523 1258 3564 o
1276 3502 1428 3567 videlicet
1441 3501 1479 3565 dc

298 3614 427 3680 Monte
456 3615 638 3696 ferrato,
672 3609 934 3694 linotfridus,
969 3618 1002 3675 ct
1027 3611 1294 3676 Flandrcnois
1331 3612 1477 3680 Comes,

298 3722 549 3798 Poldwinoc;
583 3743 601 3784 c
627 3719 736 3806 quibus
763 3721 949 3784 alterutrum
977 3720 1010 3783 in
1037 3721 1152 3805 Repem
1175 3719 1252 3805 altpt
1277 3726 1310 3782 ot
1332 3741 1387 3784 reo
1408 3723 1479 3806 ipsu

298 3831 463 3896 videbator
478 3830 609 3916 ccipere
623 3836 654 3892 ct
669 3829 833 3892 universio
855 3827 1017 3892 exercitur
1038 3827 1243 3892 acclamabat.
1269 3829 1311 3900 Et
1334 3829 1478 3915 quoniam

296 3947 429 4026 uterquc
447 3941 612 4003 multorum
630 3937 794 4022 [ποοοίδιιι
814 3944 909 4023 atquc
928 3935 1091 4023 ouffropiio
1112 3935 1280 4008 nitebatur,
1305 3958 1366 4002 nco
1383 3937 1479 4022 facilc

326 4225 352 4299 ¹)
372 4224 488 4296 Contigit
502 4224 585 4286 nobis,
597 4227 626 4277 ut
638 4223 707 4276 bunc
725 4224 810 4295 ipsum
824 4225 908 4278 iocum
922 4223 1067 4277 Germanici
1081 4221 1196 4276 auctoris
1206 4238 1221 4275 o
1231 4223 1333 4277 duobus
1347 4225 1479 4279 codicibus

371 4315 576 4377 bionucensibus‚
595 4315 678 4368 ultoro
690 4315 880 4386 ingolstudonsi
893 4313 1031 4386 quondam,
1051 4331 1118 4366 nuno
1131 4313 1324 4376 Universitotin
1343 4333 1406 4370 saec.
1419 4315 1478 4372 nit.

370 4407 454 4460 nitoro
467 4423 535 4460 nuuc
548 4407 711 4460 bibliothece
724 4423 779 4476 rog.
792 4407 862 4479 publ.
875 4406 930 4477 (nr.
940 4405 1017 4476 903),
1030 4405 1090 4458 oiirn
1105 4407 1248 4458 convontus
1258 4407 1398 4476 Augustiu.
1412 4405 1479 4477 opud

372 4497 412 4552 St
426 4499 543 4567 biugnurn
556 4497 582 4550 in
593 4497 661 4552 Pedo
681 4497 769 4551 Pontis
787 4496 881 4567 (stadt
899 4513 939 4550 ιιιιι
958 4495 1031 4566 not),
1050 4495 1152 4567 scripto
1168 4496 1201 4549 ub
1219 4495 1325 4551 Andron
1345 4497 1477 4552 Rutioboo.

373 4605 395 4644 ιι.
410 4589 492 4652 1425,
511 4587 580 4644 baud
594 4588 685 4644 loritor
698 4589 865 4644 omoodotum
876 4587 918 4642 bic
931 4585 1025 4642 toctori
1039 4587 1185 4642 offeramus.
