3120 5078
206 370 327 425 Puerum
340 370 461 425 Ilrvvmor
476 371 605 426 Daunum
619 385 677 424 oon
689 369 843 427 Rouvrucro
857 373 1048 429 normanna
1063 390 1145 430 carr.
1187 363 1264 436 369

620 613 730 686 XCIII.

77 755 197 818 latum
213 755 318 820 lnltrn
332 755 413 818 luter
428 756 573 820 domim
585 754 747 836 lenticum,
762 756 869 821 nra·
880 759 1013 838 leucate,
1030 763 1060 822 et
1075 758 1266 836 haliaetum,

77 865 273 930 lareblorem
297 866 526 945 lentislerratl,
554 870 584 930 et
610 866 785 930 baidulum
812 870 945 932 oculte·
972 868 1209 945 Ilandrlevrsem,
1236 871 1267 930 et

99 974 286 1058 budorlcur,
294 975 427 1038 caniba
435 975 613 1054 blesensem,
624 975 656 1036 lr
667 977 806 1058 captione
817 979 899 1040 urbls
907 976 1243 1059 borstartlnopolltsre.

509 1116 541 1170 a.
555 1116 580 1171 a.
595 1116 674 1178 roos,
688 1133 721 1171 m.
735 1119 841 1190 apua.

169 1245 364 1310 Liberblbus
378 1247 427 1311 Iol.
436 1244 604 1312 ast-30⁵.
617 1245 874 1312 LiberPactorum
883 1247 905 1321 I,
919 1249 969 1314 Iol.
986 1244 1076 1312 147'.
1090 1245 1267 1312 Documenti

77 1357 175 1420 nostri
189 1357 305 1420 initium
322 1355 406 1420 dedit
421 1355 651 1421 Muratorius
669 1355 688 1420 l.
706 1377 733 1420 o.

170 1505 365 1601 Plerumque
389 1507 593 1576 manifestum
617 1511 668 1576 est
697 1505 862 1590 evenisse,
892 1506 981 1600 quod
999 1507 1263 1580 lerosolimitana

79 1635 176 1728 regio
189 1641 352 1730 occupata
366 1641 418 1706 est
432 1658 452 1705 a
465 1635 612 1728 paganis,
633 1639 667 1704 et
682 1634 810 1728 quando
831 1640 864 1706 et
882 1634 968 1706 sicut
986 1634 1108 1728 placuit
1123 1635 1267 1718 domino,

78 1760 121 1832 ad
140 1759 215 1852 ejus
238 1759 367 1831 laudem
386 1767 420 1830 et
437 1759 576 1856 gloriam
594 1759 744 1831 liberata.
774 1760 834 1832 Set
852 1759 1012 1832 incolatus
1031 1761 1126 1833 buius
1145 1761 1268 1832 nostris

78 1889 283 1982 temporibus
307 1888 453 1982 regionis
482 1887 565 1958 illius
590 1889 622 1956 in
647 1893 772 1958 tantum
796 1893 848 1958 est
877 1888 1080 1960 lacrimabilis
1107 1890 1267 1960 contricio

79 2016 270 2100 subsecuta,
286 2021 321 2087 ut
335 2014 376 2086 ab
391 2015 584 2086 adversariis
599 2015 707 2086 crucis
721 2016 831 2099 cristi,
842 2015 1052 2109 multiplicata
1066 2015 1126 2086 sibi
1138 2016 1268 2109 ialange

80 2143 244 2236 nequicie,
264 2137 361 2236 captat
377 2141 593 2228 Iberusalem,
614 2143 646 2212 in
661 2167 725 2236 qua
744 2166 865 2238 corpus
880 2144 988 2236 jaeuIt
1001 2143 1156 2228 salutare,
1173 2149 1268 2236 capte

80 2271 147 2340 sint
162 2270 310 2340 civitates
325 2268 386 2340 alle
401 2277 435 2340 et
447 2269 592 2352 castella,
611 2269 669 2352 ita,
689 2275 725 2339 ut
738 2270 866 2340 nonnisi
884 2293 988 2364 pauca
1006 2269 1080 2342 loca
1098 2292 1267 2340 remanse-

78 2396 160 2478 riut,
180 2418 243 2488 que
257 2417 323 2465 non
335 2395 367 2466 in
382 2418 496 2465 eorum
510 2395 699 2466 devenerint
711 2401 927 2488 potestatem
948 2396 1035 2490 quod
1052 2420 1113 2468 nos
1131 2396 1268 2467 credere

79 2545 147 2593 non
166 2521 334 2606 debemus,
361 2527 397 2591 ut
416 2545 454 2592 er
473 2521 629 2616 injustitia
644 2521 766 2614 judicis
785 2522 945 2606 ferientis,
971 2531 1023 2594 set
1042 2547 1081 2594 ex
1100 2523 1269 2618 iniquitate

79 2648 194 2744 populi
207 2650 316 2744 potius
327 2647 544 2742 delinquentis
554 2649 754 2742 provenerit,
766 2673 839 2720 cum
849 2650 1009 2746 legamus,
1026 2651 1126 2744 quod,
1138 2651 1268 2745 quando

79 2775 224 2872 populus
247 2774 502 2846 convertebatur
521 2774 562 2848 ad
583 2774 763 2860 domInum,
790 2777 1052 2870 persequebatur
1069 2801 1153 2848 unus
1172 2776 1269 2862 mille,
1337 2855 1339 2860 ,

81 2911 116 2974 et
140 2904 206 2976 duo
232 2903 499 2976 transmovebunt
524 2903 607 2974 dena
633 2903 742 2976 millia.
772 2904 854 2976 Nom
877 2905 904 2974 si
930 2906 1089 2976 voluisset
1108 2905 1269 2988 dominus,

79 3030 286 3102 inestimabili
300 3029 422 3124 juditio
442 3052 533 3100 suam
552 3029 702 3122 injurIam
723 3030 937 3114 viudieasset3
958 3038 1009 3102 set
1028 3032 1166 3126 experiri
1184 3032 1271 3102 lorte

80 3159 185 3230 voluit
203 3165 238 3228 et
254 3159 288 3230 in
306 3155 461 3230 noticiam
480 3158 603 3228 ducere
618 3156 823 3240 Christianis,
843 3160 870 3230 si
889 3159 1004 3252 aliquis
1024 3161 1066 3229 sil
1084 3160 1272 3254 intelligens

82 3293 140 3358 aut
158 3287 332 3380 requirens
351 3286 466 3368 deum,
494 3287 546 3380 qui
574 3296 741 3356 ostensum
767 3286 828 3356 sibi
849 3287 1034 3379 penitencie
1053 3293 1181 3381 tempus
1200 3311 1271 3358 am-

80 3416 249 3510 plectatur
267 3415 463 3509 gaudenter,
484 3420 519 3485 et
537 3415 761 3508 apprehendat
779 3437 868 3486 arma
889 3421 1081 3500 circutum,
1102 3420 1136 3486 et
1155 3422 1273 3510 surgat

84 3544 116 3613 in
136 3543 338 3636 adjutorium
358 3540 442 3634 ejus.

173 3669 226 3740 Ad
240 3667 335 3760 cujus
349 3674 440 3738 terre
459 3667 683 3739 liberationem
697 3668 776 3739 licet
788 3669 952 3762 principes
967 3669 1068 3750 multi,
1089 3669 1270 3763 Imperator
1365 3666 1370 3672 ’

82 3799 263 3879 Romanus,
283 3817 385 3888 reges
404 3796 543 3866 Francie
563 3801 599 3866 et
612 3795 742 3890 Anglie‚
763 3796 877 3880 duces,
897 3795 1114 3877 marchiones,
1134 3797 1272 3866 comites

82 3950 120 3998 ac
141 3927 286 3997 barones
315 3923 475 3992 innumeri
502 3929 536 3992 et
560 3921 612 3992 alii
638 3923 778 3994 accincti
801 3923 910 4016 gladio
930 3923 1129 3994 fortitudinis
1148 3945 1271 4016 prope-

81 4058 233 4134 rassent,
253 4051 328 4144 quia
347 4052 379 4120 in
401 4049 535 4120 servitio
554 4049 639 4120 illius
658 4050 762 4120 miuus
780 4049 876 4144 plene
895 4049 1062 4120 unanimes
1083 4051 1272 4133 extiterunt,

83 4203 149 4252 non
169 4178 303 4248 multum
324 4177 356 4246 in
374 4175 436 4246 illis
454 4177 600 4270 partibus
618 4177 844 4270 profecerunt.

173 4305 301 4377 Placuit
325 4305 435 4398 itaque
460 4303 591 4374 domino
616 4303 819 4396 temporibus
848 4304 938 4386 istis,
969 4303 1062 4374 vobis
1087 4301 1274 4374 clarissimis

83 4432 298 4530 priucipibus,
325 4430 510 4514 comitibus,
538 4431 697 4502 balduino
719 4431 928 4502 Flandrensis
948 4437 982 4500 et
1001 4431 1084 4523 Apri.
1106 4435 1141 4500 et
1160 4429 1273 4500 Theo-

85 4563 182 4634 baldo
203 4559 380 4629 Trecensis
407 4557 549 4650 palatino
577 4565 611 4628 et
629 4557 799 4629 Ludovico
817 4558 967 4629 Blesens.
989 4565 1023 4628 et
1042 4557 1273 4641 Claremontis,

117 4680 269 4728 rontano.
1024 4678 1060 4731 24
