3148 5080
266 335 317 408 26
372 346 530 403 Dsernruu
544 346 722 403 Vnnrresnss
737 365 774 402 nn
789 364 958 405 sennesrne
972 348 1189 406 sennensem
1204 315 1381 406 rennuere.

357 513 451 579 Circa
467 513 497 578 α’
518 513 657 601 temnant
670 534 733 578 mm
748 513 778 578 si
788 513 919 600 pertine
936 515 1012 580 elnri
1031 515 1075 580 da
1090 515 1307 594 remisse,
1331 538 1349 582 n
1367 517 1465 604 leque

266 623 447 710 qualunque
462 624 607 688 horrete
623 622 669 687 ad
681 643 738 686 use
754 622 791 687 di
804 623 889 687 neri.
914 622 953 688 Si
966 629 1123 712 pernrette
1139 624 1293 698 esitando.
1318 624 1378 690 rire
1390 645 1468 711 pos-

265 752 344 796 sano
360 730 373 793 i
389 730 494 794 Veneti
507 731 595 818 leqni
604 739 740 817 portare
754 731 859 796 tarole
874 731 910 796 di
921 731 1063 816 fressino
1080 731 1116 796 dt
1132 729 1310 820 iunyireezn
1325 731 1362 796 di
1370 731 1470 819 pierii

266 839 390 925 sinque,
407 859 544 902 emeres
565 837 601 904 di
621 837 802 927 berytum,
827 846 927 917 tanto,
952 862 1048 906 enen
1063 841 1143 928 per,-
1164 839 1328 914 eeenrte‚
1349 841 1467 914 evasi,
1569 837 1570 852 ¹

266 968 284 1011 e
300 947 408 1022 ratini,
427 944 614 1010 ebierhieri
627 945 664 1010 di
678 947 779 1034 leque,
796 949 970 1013 erendelle.
987 949 1019 1013 Ε
1028 948 1060 1014 si
1072 937 1238 1020 romanae,
1255 949 1314 1014 rite
1329 971 1469 1015 neseune

265 1055 377 1120 sortito
398 1055 456 1120 dni
473 1055 566 1141 porti
585 1055 621 1120 di
644 1056 775 1120 Veneria
798 1077 900 1143 possa
921 1057 956 1122 in
977 1059 1057 1123 altri
1073 1057 1166 1146 porti
1189 1059 1319 1124 eariear
1334 1059 1416 1124 nari
1430 1059 1470 1125 di

267 1165 406 1252 leynami
414 1163 553 1251 proibet
561 1185 625 1252 per
640 1165 729 1229 darii
742 1165 773 1230 α’
790 1166 931 1231 Barbari
945 1167 980 1230 in
996 1167 1075 1254 qual
1087 1167 1118 1231 si
1131 1163 1182 1231 εἶα
1198 1167 1375 1233 occasione.

356 1273 388 1336 Ε
399 1274 432 1338 ln
443 1294 610 1360 premeres
623 1275 709 1358 setta
725 1295 743 1338 e
757 1273 951 1339 settesert'tte
962 1273 1015 1338 dn’
1024 1273 1204 1361 principali
1218 1275 1320 1340 nobili
1330 1297 1348 1340 e
1356 1296 1468 1363 popo·
1570 1319 1571 1354 1

267 1382 333 1447 leri
339 1383 487 1469 presenti
495 1381 546 1447 sia
557 1389 731 1460 asservata,
742 1403 828 1448 cerne
841 1385 953 1448 &stata
964 1378 1468 1450 serittaerober'atndaMariun

265 1491 409 1556 Diaeono
426 1491 553 1576 Notajo‚
579 1491 613 1555 in
631 1511 720 1577 pena
744 1491 781 1555 di
801 1498 890 1556 cento
912 1491 973 1556 lire
996 1493 1027 1556 si
1041 1514 1096 1558 oro
1113 1513 1131 1556 ο
1147 1493 1234 1558 delle
1250 1493 1328 1558 vita.
1353 1493 1467 1560 Debbn
1571 1506 1572 1524 ³

266 1620 363 1664 avere
379 1599 413 1663 in
429 1601 510 1663 eltre
526 1604 636 1688 questa
653 1597 794 1664 certain
806 1605 965 1686 perpetuo
978 1601 1140 1684 fermezea
1155 1600 1369 1666 inalterabile.

357 1709 389 1773 Ε
399 1729 488 1773 rome
501 1707 531 1772 si
546 1710 657 1792 &fatto
669 1713 753 1780 note,
771 1705 831 1773 rire
842 1707 951 1794 prima
963 1708 1050 1774 della
1062 1715 1179 1774 veneta
1190 1709 1266 1774 dett
1278 1708 1468 1776 Ambaseia-

266 1823 335 1882 tore
350 1816 474 1904 spedito
491 1817 549 1882 dal
562 1815 595 1880 S.
613 1815 749 1902 impero,
774 1837 872 1880 erem
897 1823 979 1880 state
997 1837 1097 1903 prese
1112 1825 1162 1882 tre
1177 1819 1256 1882 navi
1269 1840 1291 1883 a
1306 1817 1468 1906 nnleyqie.

265 1948 331 1992 una
351 1947 413 2013 per
431 1925 572 2012 tripoli,
595 1925 690 1990 edne
706 1946 771 2012 per
793 1923 950 2012 Meyalia,
974 1925 1207 1992 considerando
1224 1927 1258 1990 ia
1275 1929 1417 2014 peverti
1433 1928 1471 1992 di

270 2037 377 2126 queqli
395 2035 529 2112 nemini,
554 2035 585 2100 si
598 2035 654 2099 die
674 2036 741 2112 lero
761 2034 883 2099 iirenra
899 2033 935 2099 di
944 2042 1079 2122 portare
1094 2057 1115 2100 a
1132 2037 1235 2124 quelle
1247 2037 1342 2123 parti
1357 2037 1472 2102 alcuni

270 2145 385 2212 minuti
411 2145 518 2210 laseri
542 2143 578 2208 di
604 2145 712 2232 leyen,
740 2143 824 2218 aeri,
855 2142 1010 2220 seodeile,
1038 2143 1176 2217 conche,
1203 2166 1249 2209 ee.
1274 2166 1338 2210 nen
1362 2145 1423 2233 92¹&
1446 2145 1474 2210 il

267 2255 407 2344 proibito
424 2253 577 2340 leyname.
602 2253 633 2316 E
647 2272 781 2316 neseune
797 2252 840 2316 de
856 2257 962 2338 queste
980 2237 1133 2317 mammete
1150 2253 1282 2318 ardisea
1297 2253 1335 2318 di
1350 2261 1472 2341 portae

271 2363 417 2450 interro
444 2359 662 2426 Saraeenieite
687 2361 770 2425 altro
794 2361 953 2448 leynam,
982 2357 1041 2424 che
1070 2361 1175 2448 quelle
1197 2360 1248 2426 eir’
1267 2363 1285 2426 ὲ
1302 2382 1470 2450 pennessn

270 2473 357 2538 nella
373 2478 475 2538 carta.

361 2579 407 2644 De
428 2578 487 2644 hoe
510 2577 634 2643 decreto
662 2575 811 2664 simulque
835 2573 873 2640 de
895 2575 1045 2660 lignorum
1068 2577 1148 2662 apud
1172 2577 1307 2644 Venetos
1332 2582 1471 2644 mereatu

271 2691 336 2774 egit
351 2691 439 2754 etiam
456 2687 632 2773 Depping
648 2685 668 2750 l.
684 2685 704 2749 l.
721 2685 757 2750 Τ.
777 2684 808 2763 1,
824 2705 854 2770 p.
872 2685 925 2750 88.
942 2685 978 2750 Τ.
995 2683 1029 2762 tl,
1045 2707 1076 2770 p.
1096 2681 1173 2764 181,
1193 2687 1268 2765 188,
1286 2689 1365 2761 296,
1383 2689 1470 2764 29*st

270 2799 351 2886 quod
368 2799 395 2862 si
411 2797 462 2862 hie
485 2795 538 2883 (11,
558 2795 641 2882 188)
666 2795 754 2860 huius
771 2794 888 2858 decreti
904 2814 1011 2858 annum
1029 2795 1187 2861 constituit
1203 2797 1287 2868 959,
1311 2795 1343 2860 id
1366 2797 1473 2861 neseio

272 2928 331 2996 que
348 2928 450 2973 errore
465 2907 578 2972 fectum
594 2905 721 2972 videtur.
746 2903 809 2967 Cir.
828 2902 916 2968 etism
933 2903 1116 2968 Remsnin
1130 2903 1151 2968 l.
1169 2903 1188 2968 l.
1207 2901 1286 2970 248.

362 3058 550 3130 innomine
576 3056 629 3127 dei
650 3061 684 3126 et
701 3053 876 3125 saluatoris
896 3054 1001 3125 nostri
1019 3055 1101 3126 Jesu
1119 3053 1253 3126 Christi.
1283 3058 1473 3150 Imperante

273 3187 405 3259 domino
434 3187 577 3267 terune,
605 3203 726 3274 magne
750 3183 971 3274 Imperatore,
1000 3201 1085 3251 enno
1115 3187 1223 3251 eutem
1249 3181 1376 3276 imperii
1401 3184 1474 3254 eins

273 3313 431 3396 seeundo,
452 3332 564 3381 mense
582 3308 683 3391 tulto,
702 3305 881 3378 indictione
901 3305 1025 3377 decime
1044 3313 1170 3400 quarte.
1201 3306 1359 3380 Rnonro.

365 3437 594 3531 (iumdenique
603 3433 755 3530 perhanc
762 3433 962 3528 praedictam
970 3433 1179 3504 indictionem
1189 3433 1476 3528 imperialesmissi

275 3567 315 3638 ab
326 3569 465 3648 terune,
480 3563 620 3634 Varsille
641 3561 681 3655 (i.
694 3586 723 3632 e.
735 3561 887 3654 Bneilie)
899 3566 933 3631 et
942 3561 1169 3643 Constantine,
1181 3563 1395 3634 sanctissimis
1406 3565 1474 3636 lm-

273 3690 494 3786 peratoribus‚
514 3688 556 3759 sd
574 3712 635 3760 nos
653 3689 795 3758 fuissent
809 3686 940 3768 directi,
960 3686 1160 3780 inquirentes
1176 3685 1217 3756 de
1231 3686 1409 3779 lignamine
1417 3690 1475 3764 ‚vel

275 3817 385 3899 ermis,
405 3837 490 3910 quae
508 3821 642 3886 nostrae
659 3835 760 3884 naves
778 3813 812 3882 in
830 3812 1072 3882 Saracenorum
1089 3817 1197 3882 terres
1216 3813 1412 3906 portabant,
1442 3821 1477 3887 et

274 3941 465 4016 terribiliter
474 3941 633 4011 minantes
643 3963 703 4034 per
714 3938 940 4032 gloriosissimi
952 3937 1162 4030 imperatoris
1172 3937 1321 4023 verbnm,
1332 3949 1381 4026 ut,
1394 3943 1423 4013 si
1433 3942 1477 4014 de

274 4071 332 4142 teli
350 4067 525 4161 lignamine
544 4065 692 4137 barbaris
706 4065 901 4136 adiutorium
915 4062 1104 4158 preberent,
1125 4086 1209 4158 qnae
1223 4065 1265 4135 ad
1279 4065 1477 4159 dignitatem

277 4191 551 4291 (damnitatemt)
563 4191 686 4288 imperii
695 4189 952 4264 etChristienum
959 4190 1116 4284 populum
1125 4191 1385 4275 iuissent‚naves
1398 4218 1476 4266 eum

275 4301 458 4397 horninibus
467 4319 731 4414 etsnmptisquee
739 4318 929 4400 invenirent,
937 4317 1478 4410 igneeremereieeerent—tunc

276 4451 414 4548 quedem
429 4451 481 4521 die
494 4445 659 4518 residente
672 4446 803 4517 demine
814 4445 925 4527 Petro,
936 4443 1208 4516 excellentissime
1217 4445 1323 4531 Duce,
1333 4447 1481 4522 Seniere

277 4585 404 4662 nestro,
433 4599 496 4648 una
525 4597 598 4644 eum
617 4571 731 4657 vitale,
762 4571 965 4642 sanctissime
986 4569 1186 4657 Patriareha,
1215 4571 1282 4642 filio
1307 4595 1383 4660 sue,
1414 4597 1480 4648 nee
