3120 5078
443 381 552 440 Cuneus
567 385 771 440 Onnonroosuss
786 385 962 441 rennuens.
1171 429 1174 436 .
1221 374 1298 445 293

95 551 253 610 vomunt
274 547 422 621 Itodosto,
443 552 585 639 sutipote
603 552 762 639 pervenit,
785 561 816 618 et
836 552 913 616 inde
931 551 1299 638 Constantinopolim.—

100 652 245 720 TIsonsos
261 655 361 742 ipitur
375 658 578 738 Maurorum,
599 661 639 726 ob
656 660 838 726 Innocentio
851 659 1045 748 patriarcha
1061 661 1206 746 effeetus.
1232 681 1302 726 oum

96 762 209 825 tueris
227 783 325 850 popss
346 765 485 832 Venetiae
500 769 640 840 accedit,
664 776 695 834 et
711 789 780 833 oum
794 775 911 856 pareto
927 769 1006 832 stolo
1019 775 1149 853 portum
1165 769 1245 844 erit,
1270 774 1303 832 et

96 871 278 957 Itupnsinns
292 873 367 937 urbi
372 922 380 945 ,
406 896 476 961 quoe
493 877 674 941 Groeoomsm
697 875 849 942 instinctu
863 877 936 962 jum
952 875 1009 940 diu
1030 875 1149 941 Venetis
1165 876 1301 940 redelin-

95 989 205 1057 oernt,
221 981 337 1047 bellum
353 984 470 1049 intulit.
493 987 618 1074 Illique,
635 989 675 1052 de
693 987 873 1052 Graecorum
889 985 989 1072 diffisi
1000 987 1124 1070 sonore,
1141 985 1302 1050 civitatem

101 1087 228 1154 Venetis
254 1093 473 1158 reddiderunt.
495 1131 540 1141 —
567 1093 761 1160 PotrioreIto
787 1101 902 1182 posteo
928 1095 1077 1158 seoodms
1103 1093 1302 1158 Durooisium

95 1198 320 1284 inpsspsuoit.
345 1203 430 1287 oepit
451 1209 483 1266 et
504 1203 633 1280 muniit,
664 1211 696 1268 ot
718 1201 1022 1289 Constantinopolim
1049 1201 1124 1266 inde
1142 1203 1300 1288 peruenit.

94 1307 304 1393 dIuroipIsus,
317 1310 447 1376 inoosor
459 1309 606 1398 Imperiis
616 1319 690 1398 post
702 1315 813 1398 [upum
825 1312 871 1374 od
880 1331 1022 1376 socerum
1031 1309 1180 1374 niomium
1193 1311 1283 1375 uadit
1288 1333 1302 1389 ;

96 1417 157 1504 qni
179 1418 221 1482 ao
243 1439 280 1482 eo
302 1427 507 1492 errorent-us,
528 1427 644 1508 posteo
660 1421 704 1485 od
718 1421 904 1486 Latinorum
924 1441 1037 1485 mansos
1057 1419 1249 1506 perveniens
1264 1419 1300 1485 in

98 1525 383 1612 Cooostnntinopoli
401 1530 542 1614 turpiter
564 1530 661 1594 oitom
679 1530 794 1616 finivit.
811 1565 855 1576 -
877 1527 1037 1594 Bnlduino
1052 1528 1192 1614 Aupusto
1214 1529 1302 1593 IIsn·

96 1633 191 1697 riooss
212 1633 315 1720 Depo,
334 1638 451 1718 freter,
473 1637 624 1702 succedit.
656 1638 716 1702 IIis
744 1639 851 1722 itaque
875 1635 990 1722 postu,
1018 1635 1137 1719 elapsis
1159 1656 1179 1699 u
1201 1635 1302 1700 Ducis

97 1741 269 1806 creatione
284 1743 379 1808 annis
394 1743 479 1817 XIII,
496 1745 550 1808 die
560 1747 666 1831 primo
682 1745 775 1811 Iunii
790 1743 872 1808 idern
889 1744 922 1807 in
941 1742 1215 1828 Constantinopoli
1224 1743 1301 1827 seii-

98 1851 185 1914 eiter
200 1851 288 1926 odiit,
310 1858 343 1915 et
358 1852 392 1916 in
408 1853 492 1916 atrio
508 1855 650 1918 eoemsios
666 1861 784 1918 sanetus
799 1851 930 1939 SopIsios
945 1852 1111 1938 sepelitur.
1128 1887 1172 1898 -
1188 1853 1302 1918 Petrus

97 1958 205 2022 Ziuno
217 1959 298 2023 Dux
309 1960 480 2026 ordinetur
489 1983 573 2026 anno
588 1961 709 2026 domim
722 1961 839 2028 IICCV.
848 1997 891 2008 -
903 1959 991 2024 Sans
1005 1959 1185 2024 Venetorum
1192 1981 1302 2047 popu-

98 2069 151 2132 Ius
168 2067 204 2131 in
222 2069 501 2154 Oorsstontinopoii
514 2069 674 2136 Morinum
691 2071 775 2136 Zeno
791 2068 853 2134 sibi
867 2069 1059 2134 Potestatem
1074 2076 1229 2142 statuunt,
1248 2069 1305 2156 qui
1322 2125 1324 2138 .

97 2177 140 2240 ab
163 2177 324 2256 Hernico,
346 2178 420 2242 dnm
441 2200 463 2242 n
483 2179 675 2264 potrioroIsu
698 2179 897 2242 ooronondus
920 2183 1016 2252 esset,
1040 2179 1303 2266 approbationem

93 2285 266 2370 foederum
294 2285 329 2349 in
357 2286 503 2372 emptione
531 2287 663 2376 Imperii
684 2289 844 2369 foetorum
870 2285 1018 2372 suscepit.
1045 2322 1087 2332 -
1110 2287 1191 2349 Dure
1214 2287 1301 2352 illios

97 2393 274 2480 Roperium
295 2393 487 2459 Mourooeno
504 2395 710 2460 duserenoem
734 2395 890 2466 eomitssn.
912 2393 1083 2480 Reperinm
1105 2393 1302 2467 Premorinm

99 2503 310 2566 Beuediotum
319 2503 466 2566 Gelliono
481 2501 518 2588 (I.
528 2501 696 2586 Griiiiono)
713 2509 743 2568 et
751 2503 884 2567 Paulum
893 2502 1025 2579 Quirino
1036 2502 1302 2591 Constantinopo-

96 2611 153 2674 lim
161 2612 285 2698 Iepotos
292 2611 397 2686 mittit,
411 2613 467 2697 qui
477 2613 551 2676 iilos
563 2613 596 2676 in
608 2613 702 2676 solitu
715 2611 779 2696 side
791 2609 1001 2686 consolidant,
1015 2618 1046 2675 et
1059 2631 1127 2675 oum
1139 2611 1303 2676 Potestote

96 2721 196 2785 utilio
219 2727 364 2784 statuunt
386 2727 418 2784 et
439 2721 582 2784 redeunt.
606 2757 651 2770 —-
677 2720 864 2803 Bonisooius
892 2719 1127 2803 Montisserruti
1146 2720 1300 2797 noorodio,

96 2830 223 2913 adeptu
243 2829 420 2905 rosontio,
437 2849 506 2918 pum
521 2829 573 2894 iiii
587 2829 759 2911 importem
776 2834 924 2904 mmorut,
940 2847 1003 2892 res
1018 2836 1187 2894 euronotus
1202 2837 1259 2894 est.

452 3012 563 3096 corpus
579 3010 786 3075 Cironium
801 3010 958 3074 IIsndrIss.

191 3153 227 3218 ln
244 3151 412 3218 collection
430 3151 468 3217 de
487 3153 675 3240 chroniques
692 3151 802 3236 Belges
825 3151 964 3218 ineditos.
989 3151 1114 3216 Reoueil
1132 3153 1186 3218 des
1204 3151 1303 3218 Chro-

98 3266 210 3350 niques
229 3263 268 3326 de
285 3261 418 3326 Flandre
434 3283 490 3346 por
506 3261 534 3325 J.
552 3261 581 3328 I.
599 3264 643 3327 de
659 3263 771 3326 Smet.
789 3263 874 3327 Tem.
892 3261 914 3335 I,
932 3283 961 3346 p.
982 3261 1171 3327 130-139.

404 3412 583 3482 Balduinus
606 3411 1001 3506 Constantinopolitanus.

189 3537 373 3610 leduinue
393 3537 435 3608 de
449 3539 556 3624 Mons,
577 3539 660 3608 filius
679 3538 829 3609 leduini
848 3537 1087 3608 Hannoniensis
1107 3559 1146 3606 se
1165 3537 1300 3631 Morga-

98 3673 206 3746 retae,
227 3664 313 3734 filine
328 3664 530 3735 Theudorici
550 3665 694 3736 Alsatiue
712 3689 751 3734 no
769 3671 903 3734 sanetus
921 3663 1066 3733 Sibilise.
1086 3664 1147 3733 Hie
1165 3665 1301 3736 Baldui-

98 3818 160 3864 nue
181 3793 246 3862 fuit
264 3791 347 3860 XIX.
373 3815 486 3862 eomes
512 3790 771 3864 Finndrensium.
808 3789 955 3859 Tandem
977 3797 1059 3861 nutu
1084 3789 1144 3860 Dei
1171 3797 1205 3862 et
1228 3793 1300 3862 Deo

98 3921 300 4014 disponente
325 3918 387 3988 Iuit
411 3917 594 4010 Imperator
614 3915 997 4008 Constantinopolitanus
1018 3925 1053 3986 et
1071 3941 1130 3988 rer
1150 3921 1300 3990 Graeco-

96 4071 169 4117 rum
191 4052 227 4115 et
247 4047 404 4116 Gszurne.
436 4043 496 4113 Hie
515 4043 692 4112 Balduinue
716 4042 871 4134 inprime
892 4063 978 4112 anno
1000 4065 1080 4113 eune
1099 4041 1300 4114 dominatio-

98 4176 159 4258 nis,
179 4196 240 4242 rex
258 4169 442 4264 Auglorum
457 4169 616 4239 Ricardus
632 4169 672 4238 de
686 4169 835 4262 partibus
854 4170 1081 4240 transmarinis
1100 4171 1301 4262 regreditur,

100 4303 275 4392 oriturque
297 4296 492 4367 discurrium
511 4301 545 4364 et
564 4294 732 4364 dissidium
758 4295 844 4364 inter
870 4293 975 4388 ipsum
1002 4303 1035 4366 et
1060 4321 1176 4389 regem
1198 4299 1303 4370 Fran-

101 4448 227 4497 corum.
259 4425 329 4492 Rex
348 4423 459 4514 itaque
477 4421 647 4502 Franciae‚
674 4419 817 4490 collecto
838 4423 998 4504 exercitu,
1018 4424 1189 4496 castellum
1209 4427 1301 4518 regis

103 4552 305 4646 ungrorum,
330 4545 417 4640 quod
444 4546 562 4616 dieitur
585 4545 773 4628 dunavilla,
801 4546 949 4629 obsidet,
977 4550 1066 4642 eupit
1091 4557 1126 4620 et
1148 4551 1303 4624 destruit.
