3110 5080
305 350 381 422 382
591 365 781 420 Pnrvrnssruu
795 367 901 420 [ruerus
915 365 1168 420 Utummensis.

301 535 471 604 concinem
484 557 589 616 suum,
609 535 736 607 scilicet
753 535 916 608 licentiam
935 543 969 608 et
988 536 1209 619 securitatem,
1229 537 1322 607 saluo
1343 535 1440 606 eundi
1458 543 1487 607 et
1549 621 1550 640 χ

301 659 458 732 redeundi
478 661 510 731 in
529 664 616 732 omni
634 670 725 734 terra
744 687 816 734 mea
837 671 870 735 st
890 671 1070 758 pertatem
1094 670 1218 734 terram
1242 685 1370 744 meam,
1398 685 1487 757 quarn
1549 663 1550 702 ³

302 789 399 859 modo
418 789 536 873 habeo,
557 797 590 860 et
609 813 704 884 quam
724 789 787 862 deo
808 792 905 862 dante
924 791 1140 885 acquisiturus
1160 815 1241 863 surn.

269 996 272 1002 A
392 916 440 986 Ex
465 917 569 1010 regali
594 917 703 1012 itaque
722 918 938 989 munificentia
957 941 1030 988 mea
1049 919 1151 1014 ipsius
1170 919 1386 1012 requisitione
1406 918 1488 988 dono
1549 903 1550 918 ³

303 1048 337 1112 et
356 1044 504 1114 concedo
521 1044 650 1137 plenius
670 1046 699 1115 ei
719 1047 931 1142 omnibusque
950 1046 1200 1118 successoribus
1214 1047 1281 1118 suis
1296 1051 1330 1116 et
1345 1044 1489 1116 omuibus
1549 1045 1550 1122 J

303 1168 467 1242 Veneticis
491 1196 602 1244 amore
629 1179 663 1244 et
691 1173 819 1246 bonore
847 1197 908 1246 sno
935 1176 1143 1268 omniumque
1167 1174 1386 1256 Venetorum,
1410 1173 1491 1246 sicut
1549 1151 1550 1228 ἶ

304 1299 491 1370 continetur
509 1301 540 1368 in
560 1300 706 1392 presenti
730 1300 922 1394 priuilegio,
951 1301 1135 1372 libertatem
1160 1325 1221 1395 per
1239 1307 1363 1372 terram
1383 1308 1418 1371 et
1436 1323 1491 1394 per

303 1447 392 1495 marc
410 1428 442 1496 in
457 1426 660 1511 ciuitatibus,
681 1428 712 1497 in
733 1428 899 1522 portibus,
919 1429 1143 1520 inpartibus,
1164 1428 1261 1498 cundi
1280 1434 1314 1498 et
1332 1427 1490 1497 redeundi
1549 1471 1550 1474 =

303 1577 377 1625 cum
397 1552 591 1646 quibuslibet
615 1553 835 1648 mercimonijs
844 1546 886 1647 ¹).
926 1555 970 1625 nt
987 1553 1128 1625 habeant
1146 1559 1344 1648 potestatem
1364 1555 1489 1650 plenam
1549 1535 1550 1596 l

303 1681 464 1752 uendendi
484 1687 518 1751 et
533 1682 815 1776 emendiquelibet
829 1683 1038 1754 mercimonia
1050 1707 1111 1778 per
1125 1688 1228 1754 totam
1242 1689 1364 1754 terram
1379 1706 1489 1764 meam,
1549 1765 1550 1768 Ἴ

304 1815 339 1878 ct
357 1807 547 1880 extrahendi
567 1810 608 1882 de
626 1816 697 1880 tota
715 1817 806 1882 terra
831 1833 902 1882 msa
927 1810 1034 1896 salue,
1060 1834 1195 1890 secure,
1221 1809 1345 1894 libere,
1373 1811 1489 1904 quiete,

304 1937 374 2008 sine
401 1938 486 2008 omni
509 1937 661 2021 seruitio,
686 1939 757 2008 sine
785 1939 872 2010 omni
899 1938 1060 2022 drictura,
1088 1939 1158 2009 sine
1183 1939 1269 2010 omni
1296 1939 1491 2030 angeriaci
1549 2017 1550 2040 1

304 2065 389 2135 omni
408 2067 580 2158 passagio;
610 2075 766 2160 excepto,
795 2065 883 2160 quod
903 2066 1068 2150 Venetici,
1096 2066 1282 2137 habitantes
1310 2089 1443 2159 semper
1460 2067 1488 2135 in

305 2193 484 2264 cismarinis
503 2192 667 2286 partibus,
695 2199 729 2264 et
751 2177 940 2265 transierint
964 2217 1024 2288 per
1042 2193 1231 2287 portellam,
1256 2199 1435 2264 teneantur
1451 2192 1490 2261 ibi

304 2319 496 2411 persoluere
521 2319 714 2402 dricturam,
742 2319 828 2390 sicut
852 2320 982 2392 solitum
1002 2327 1053 2391 est
1072 2319 1112 2390 ab
1133 2319 1282 2390 omnibus
1302 2317 1489 2390 Christianis
1549 2359 1550 2362 =

303 2446 547 2516 transeuntibus
576 2453 609 2517 et
637 2443 978 2542 retranscuntibus¹)‚
1012 2453 1047 2518 et
1075 2453 1232 2542 excepto,
1263 2445 1353 2540 quod
1382 2469 1490 2516 ornnes

307 2571 470 2658 Venetici,
497 2575 551 2668 qui
570 2573 762 2646 adduxerint
786 2597 898 2646 aurum
919 2582 953 2645 ct
971 2582 1159 2670 argentum,
1186 2581 1221 2644 et
1238 2575 1410 2645 bisancios
1437 2596 1491 2644 sen

307 2707 454 2774 monetas
484 2701 561 2772 inde
592 2701 734 2773 iecerint
761 2704 814 2774 nel
845 2704 970 2796 operati
998 2703 1121 2774 luerint
1147 2702 1180 2772 in
1207 2706 1296 2773 terra
1324 2725 1417 2784 men,
1448 2701 1489 2792 bij

305 2835 480 2900 teneantur
497 2831 689 2923 persoluere
708 2829 897 2912 dricturam,
918 2831 1003 2901 sicut
1019 2829 1213 2924 persolount
1227 2828 1286 2922 bij,
1309 2830 1364 2923 qni
1379 2829 1489 2898 bisan-

308 2957 377 3027 cios
396 2980 455 3027 scu
474 2963 623 3028 monetas
643 2964 821 3052 operantur
845 2959 878 3028 in
896 2957 1142 3028 Acconensibus
1171 2955 1330 3052 partibus.
1369 2955 1489 3044 Quodsi

307 3081 475 3154 Bisancios
490 3107 548 3153 seu
560 3090 708 3155 monetas
723 3107 788 3154 non
803 3085 930 3176 operati
950 3085 1083 3168 luerint,
1103 3081 1287 3153 nullatcnus
1300 3082 1489 3176 persoluere

309 3209 485 3282 dricturam
504 3218 689 3283 teneantur.

399 3337 560 3430 Corpora,
579 3360 633 3408 res
649 3344 682 3409 ct
701 3337 907 3408 mercimonia
923 3337 1123 3408 Venetorum
1136 3336 1201 3408 sint
1214 3335 1305 3408 salua
1323 3345 1358 3408 et
1377 3358 1490 3408 secura

307 3465 348 3536 ab
368 3465 516 3537 omnibus
536 3465 734 3549 hominibus,
759 3465 914 3560 quisunt
940 3471 973 3536 et
999 3465 1052 3558 qui
1077 3471 1175 3536 erunt
1193 3465 1253 3536 sub
1272 3471 1441 3558 potestate
1460 3467 1491 3533 et

309 3593 451 3664 dominio
470 3616 553 3663 meo.

398 3720 554 3791 Concedo
574 3719 670 3790 etiam
689 3725 723 3790 et
740 3719 831 3802 uolo,
850 3725 898 3803 ut,
918 3719 945 3789 si
966 3717 1134 3811 quodlibet
1153 3715 1328 3789 uassellum
1347 3715 1489 3788 Veneto·

307 3871 379 3918 rum
402 3870 533 3942 passum
558 3847 657 3917 luerit
675 3845 877 3938 naufragium
897 3845 949 3916 uel
973 3851 1140 3939 rupturam
1158 3845 1190 3914 in
1209 3850 1281 3915 toto
1301 3843 1413 3915 littore
1431 3843 1489 3913 mei

308 3973 420 4066 regni,
449 3995 561 4044 omncs
579 3971 624 4064 bij
635 4024 644 4056 ‚
673 3971 727 4065 qui
746 3973 930 4044 euasserint
949 3973 990 4043 de
1008 3971 1153 4066 periculo
1172 3971 1247 4054 illo,
1276 3972 1342 4042 sint
1360 3971 1440 4042 salui
1458 3975 1489 4040 et

307 4126 426 4174 secun.

332 4403 360 4476 ι)
380 4402 527 4456 intrandi
553 4408 585 4456 et
610 4401 754 4456 exeundi
776 4418 801 4454 c.
823 4419 872 4474 qu.
952 4398 980 4471 ²)
1000 4399 1113 4453 drict.
1138 4429 1170 4439 -
1192 4399 1484 4454 retranseuntibus

380 4493 618 4548 mere.add.LP.
642 4492 805 4546 Arebstor.
999 4507 1048 4544 orn.
1079 4491 1147 4554 LA.;
1183 4493 1261 4545 retr.
1293 4489 1483 4563 persolvere

1000 4581 1161 4637 Arebstor.
