3110 5080
503 322 641 376 Passurus
655 335 742 376 aaaur
755 321 874 376 Gaaacr.
1201 308 1276 380 463

94 489 179 550 certe
195 493 297 571 partes
315 487 390 569 ejus,
407 487 571 570 Imperator
582 485 814 551 Franco-Gallis
830 487 911 552 leudi
927 487 1011 552 titulo
1027 485 1189 556 concessit,
1208 484 1275 548 coll.

95 595 131 660 G.
149 597 381 679 Acropolita
404 597 509 678 capti
534 595 660 680 aliisque
684 594 881 680 scriptoribus
907 615 997 678 supra
1022 593 1130 657 citatis.
1164 592 1278 655 llevera

94 724 164 768 sero
181 703 299 768 tandem
314 701 420 769 Veneti
436 709 584 768 terrarum
596 703 712 768 illarum
725 709 826 788 partes
840 723 906 768 cum
923 703 1067 766 Dalmatia
1085 686 1280 787 occuparunt,

95 794 173 896 quod
202 832 305 876 eorum
338 811 472 878 historiae
503 813 630 878 ousiosis
662 814 794 897 penitius
826 811 1039 876 enucleandum
1071 811 1277 896 relinquimus.

96 921 197 1002 Quid?
221 921 299 1007 quod
321 943 377 986 nec
401 921 543 1005 primitivi
566 923 683 986 omnino
713 922 791 1004 pacti
814 920 851 984 de
878 921 1040 984 Partitione
1068 923 1154 1002 regni
1177 919 1277 983 Greci

95 1029 172 1094 tides
196 1049 231 1094 ac
253 1031 359 1112 religio
387 1049 514 1114 unquam
542 1036 659 1094 servata
690 1030 775 1095 nobis
797 1029 916 1114 quidem
945 1031 1071 1094 videtur.
1104 1030 1277 1092 bonifacius

95 1140 185 1212 enim,
201 1146 233 1202 ut
249 1139 305 1204 boc
318 1139 436 1202 unicum
453 1157 633 1210 moneamus,
651 1159 703 1202 rex
714 1138 1005 1211 Thessalonicensis,
1019 1139 1079 1220 jam
1093 1138 1187 1220 primo
1200 1143 1279 1200 tem·

96 1269 171 1334 pore
193 1249 334 1332 quasdam
352 1247 517 1311 Thessaliae
539 1255 640 1331 partes
665 1245 724 1310 sibi
746 1247 924 1321 vindicavit,
949 1247 1184 1330 Peloponnesum
1209 1265 1280 1308 vero

96 1357 248 1420 hostiliter
269 1357 397 1422 intravit.
428 1355 557 1420 Plurima
580 1365 679 1418 tamen
700 1357 881 1440 paciscendo
906 1341 1110 1419 transacta‘et
1136 1353 1281 1438 acquisita

97 1465 249 1536 videntur,
267 1465 334 1529 coll.
352 1463 489 1530 Niceta
506 1465 725 1528 Acominato
742 1485 832 1547 supra
849 1465 901 1529 cit.
919 1483 989 1547 pag.
1007 1463 1083 1528 453.

187 1573 314 1638 Restant
336 1573 468 1657 quedam
491 1573 529 1636 de
550 1572 732 1638 editionibus
760 1573 871 1637 lndicis
895 1574 959 1638 sive
980 1573 1155 1658 Diplomatis
1183 1571 1280 1634 nostri

97 1681 295 1765 geographici
309 1682 466 1746 monenda.
484 1681 599 1746 Primus
613 1701 718 1746 revera
732 1682 897 1764 pretiosum
909 1683 966 1746 hoc
979 1683 1163 1767 antiquitatis
1177 1701 1283 1744 monu-

97 1798 229 1854 mentum
255 1791 371 1876 aperuit
394 1791 649 1856 Rhamnusius
673 1789 820 1864 Venetus,
847 1791 919 1854 licet
940 1812 996 1855 non
1013 1811 1049 1854 ea
1071 1791 1164 1855 forma
1188 1809 1284 1874 eoque

98 1899 206 1964 urdine
220 1920 304 1973 usus,
319 1921 407 1985 quem
423 1902 454 1964 in
470 1899 624 1964 codicibus
639 1919 708 1962 mss.
719 1899 933 1971 Ambrosianis,
945 1899 1070 1964 Venetis
1087 1907 1117 1964 et
1131 1898 1284 1962 Vindobo-

98 2008 244 2072 nensibus
256 2008 445 2074 observatum
458 2009 603 2079 videmus,
620 2008 659 2071 ita
672 2013 703 2072 ut
716 2008 833 2091 singula
851 2010 965 2074 urbium
978 2013 1050 2073 cett.
1064 2009 1178 2072 nomina
1196 2025 1284 2072 unum

97 2121 170 2202 post
185 2118 311 2182 alterum
328 2117 433 2184 eodem
450 2125 555 2182 tenore
571 2122 739 2200 praestaret,
755 2137 813 2202 quo
830 2119 966 2182 codicum
983 2119 1108 2182 istorum
1125 2115 1233 2180 scribe
1251 2135 1285 2178 ea

98 2225 314 2298 exbibuerunt,
337 2225 416 2290 unde
431 2227 611 2310 posterioris
628 2228 683 2289 evi
702 2226 834 2290 editores
851 2249 903 2290 sua
921 2227 1160 2311 depromseront.
1186 2223 1286 2288 Libris

98 2336 267 2407 Paetorum,
285 2355 408 2418 quorum
420 2336 571 2418 exemplar
583 2335 611 2398 in
626 2335 747 2400 archivo
761 2336 875 2400 Veneto
888 2337 1034 2400 asservari
1047 2339 1173 2403 constat,
1190 2333 1287 2397 libere

98 2465 174 2509 usus
191 2450 248 2516 est,
266 2443 385 2524 singula
401 2444 554 2508 relationis
572 2441 702 2508 membra
715 2449 746 2508 et
758 2445 876 2509 nomina
890 2443 1052 2509 narrationi
1065 2463 1125 2508 suae
1137 2444 1285 2512 intexens,

99 2553 178 2618 libro
192 2554 288 2617 veteri
303 2551 390 2616 modo
405 2553 444 2616 ad
460 2551 581 2616 verbum
598 2552 770 2630 obsecutus,
787 2553 873 2617 modo
891 2554 980 2617 etiam
997 2554 1173 2617 adversatus
1189 2550 1286 2635 quoad

101 2662 255 2735 ordinem,
280 2664 319 2726 ita
345 2668 376 2726 ut
392 2683 409 2724 e
426 2663 489 2726 suis
506 2681 625 2747 quoque
642 2663 721 2726 varia
738 2663 919 2727 admisceret
935 2683 992 2724 non
1014 2663 1129 2745 inepta,
1153 2661 1288 2745 quaedam

101 2772 193 2834 etiam
214 2771 304 2844 salsa3
333 2769 446 2854 quade
463 2791 498 2834 rc
512 2771 582 2834 vide
598 2791 652 2834 nos
667 2772 697 2834 in
713 2771 918 2857 symbolarum
942 2773 1113 2834 criticorum
1130 2769 1288 2834 Commen-

99 2877 217 2944 tatione
232 2879 375 2950 secunda,
392 2880 488 2962 praet,
506 2880 555 2943 ubi
571 2885 662 2943 totam
679 2880 901 2944 Rhamnusii
919 2883 1116 2944 narrationem
1134 2878 1191 2965 (de
1207 2877 1287 2942 bello

101 2986 258 3071 cpolitano
276 3009 305 3070 p.
326 2987 388 3051 159
406 2988 492 3074 sqq.)
516 3010 582 3053 cum
600 2989 708 3052 nostris
725 2989 964 3072 adnotationibus
980 2988 1182 3054 recudendam
1200 3007 1287 3050 cura·

102 3097 210 3160 vimus.
235 3095 327 3178 Cujus
344 3097 388 3159 rei
405 3097 526 3180 ignarus
543 3097 798 3170 hluratorius,
821 3098 975 3163 codicibus
992 3101 1054 3162 suis
1071 3096 1289 3160 Ambrosia-

102 3205 164 3268 nis
181 3209 256 3269 satis
266 3205 457 3287 negligenter
470 3227 551 3276 usus,
568 3207 695 3289 diploma
710 3211 843 3271 nostrum
855 3207 1090 3292 geographicum
1103 3213 1134 3268 ut
1145 3204 1287 3268 ineditum

104 3313 348 3401 (typothetarum
364 3314 479 3378 mendis
492 3314 641 3402 obsitum)
657 3315 809 3396 evulgavit
824 3317 852 3378 in
869 3321 948 3387 nota,
965 3335 1050 3400 quam
1068 3313 1184 3378 addidit
1199 3313 1289 3375 chro-

104 3425 175 3486 nico
191 3411 389 3486 Danduleo
407 3421 550 3509 (Scriptt.
565 3445 641 3487 rerr.
654 3424 729 3487 ltall.
745 3425 781 3486 Τ.
794 3425 852 3496 llll,
870 3445 899 3508 p.
914 3423 979 3488 328
996 3423 1100 3510 sqq.);
1123 3442 1290 3508 quanquam

105 3536 265 3594 antaeum
288 3529 324 3594 ad
348 3551 435 3596 unum
458 3535 554 3596 omnia
575 3532 692 3616 pridem
715 3532 969 3596 Rhamnusius
993 3531 1137 3596 ediderat.
1161 3531 1241 3595 ldem
1258 3531 1288 3594 b.

105 3638 322 3703 Wilhcnum
350 3639 451 3714 latuit,
481 3661 547 3705 cuna
569 3647 701 3705 nostrum
726 3641 854 3726 diploma
876 3664 900 3704 s.
923 3641 1053 3704 indicem
1076 3662 1112 3704 ex
1134 3639 1291 3704 codicibus

104 3769 180 3812 mss.
199 3747 479 3813 vindobonensibus
496 3747 668 3833 evulgaret,
692 3751 764 3814 licet
780 3749 997 3814 Rhamnusii
1019 3749 1139 3813 minime
1155 3749 1291 3830 ignarus,

106 3878 198 3942 quem
223 3856 269 3921 bis
293 3857 369 3943 (non
390 3857 520 3943 saepius)
542 3859 573 3922 in
596 3861 746 3942 farragine
769 3879 822 3924 sua
839 3857 941 3924 critica
957 3859 976 3921 l.
996 3881 1022 3924 c.
1042 3859 1113 3922 citat
1127 3857 1222 3922 textui
1237 3877 1292 3924 suo

107 3965 268 4047 subjecta,
294 3985 360 4030 cum
390 3967 547 4032 dicendum
578 3970 703 4038 suisset,
732 3967 992 4032 Rhamnusium
1018 3966 1162 4030 Venetam
1186 3967 1216 4030 in
1239 3987 1292 4030 sna

107 4073 184 4138 belli
200 4075 348 4158 Cpolitani
372 4075 495 4139 historia
519 4077 623 4140 eodem
646 4077 773 4140 similive
796 4075 902 4140 codice
924 4097 979 4140 ms.
996 4097 1081 4140 usum
1099 4077 1209 4148 fuisse,
1234 4097 1291 4160 quo

106 4203 182 4247 usus
205 4191 269 4247 erat
292 4183 535 4248 hluratorius.
561 4183 696 4269 Diploma
718 4191 849 4249 nostrum
871 4184 1075 4252 Willaenus
1100 4185 1193 4248 edidit
1215 4205 1292 4248 anno

108 4289 222 4354 domini
241 4291 325 4356 1829
343 4291 546 4379 (Geschichte
562 4292 618 4356 der
634 4293 809 4377 Kreuzzttge
825 4292 892 4356 Vol.
911 4293 940 4356 o.
965 4293 1100 4377 Appeud.
1114 4315 1144 4378 p.
1159 4295 1177 4357 3
1194 4292 1295 4379 sqq),

108 4419 183 4462 usus
200 4399 291 4465 Libro
307 4401 382 4466 atho
398 4401 511 4464 archivi
527 4400 782 4476 vindobonensis,
804 4405 875 4467 item
893 4402 992 4466 bihris
1009 4402 1165 4467 Paetorum
1183 4403 1292 4468 ibidem

108 4511 285 4582 asservatis,
303 4509 352 4573 ubi
369 4509 426 4574 hoc
444 4510 571 4595 diploma
587 4510 635 4574 bis
654 4511 791 4575 babetur.
817 4509 928 4576 Tribus
944 4512 1036 4594 igitur
1053 4512 1206 4576 codicibus
1222 4533 1292 4575 mss.
