3110 5076
321 325 395 396 194
590 336 779 392 Pnrvrnnormr
794 351 1034 393 conrrnunrrours
1047 337 1156 394 lsnncrr
1167 339 1226 394 lrrr.

317 507 456 579 uerbum
495 505 618 578 datum.
666 507 711 580 lto
736 533 795 590 eo,
832 533 897 604 que
924 519 1004 582 cunt
1030 535 1153 583 ucrcuo
1180 511 1384 584 occidentem
1408 535 1493 607 oque

316 659 438 707 carcuo
457 661 479 706 a
495 659 592 706 muro
618 639 787 719 licitatio,
815 641 928 732 quiin
946 638 1059 733 equali
1081 643 1198 710 comite
1221 649 1287 719 cet,
1311 639 1493 711 diuidentic

317 767 398 836 iura
415 765 616 856 monaclom'j
631 763 818 846 Akimiton,
844 775 878 836 et
893 790 998 860 cuque
1016 765 1063 836 nd
1078 766 1193 839 domoc
1211 771 1324 838 cmii
1339 767 1494 838 Nicboloi

317 900 351 962 et
368 893 478 962 sancti
495 890 617 972 Marci,
642 914 719 962 cum
735 917 848 987 punto
866 917 974 964 nauco
991 893 1063 964 loco
1079 898 1281 989 monosterii
1294 894 1493 987 Parem

316 1023 418 1090 moui.
447 1017 492 1090 lto
508 1018 706 1113 riuplicitcr
724 1023 855 1103 omnio,
881 1043 946 1115 que
964 1021 1208 1104 comitemur,
1227 1033 1341 1118 etque
1359 1046 1429 1094 uon
1447 1025 1493 1093 in·

317 1146 522 1226 habitantur,
537 1145 729 1218 habitacula
741 1156 776 1218 et
787 1171 898 1218 uocem
909 1148 994 1228 loco,
1012 1153 1050 1218 in
1062 1149 1218 1244 predicta
1232 1153 1341 1245 spatio
1355 1173 1494 1244 conpre-

317 1275 434 1347 benca.
466 1272 583 1345 Adbuc
605 1297 681 1344 cum
704 1273 761 1346 bic
787 1274 1079 1369 comprehenditur
1096 1287 1139 1360 ct,
1165 1301 1230 1372 que
1248 1287 1298 1348 cot
1316 1280 1354 1348 in
1372 1278 1494 1359 tutore,

317 1403 422 1474 ceolla
439 1405 551 1474 cancii
568 1399 749 1484 Marcioni,
771 1425 836 1496 que
853 1401 953 1473 bodie
970 1427 993 1472 a
1007 1401 1271 1494 Cbryoiobcsilio
1286 1401 1493 1498 mundetur,

317 1553 394 1601 cum
411 1532 575 1600 uniuersa
587 1531 662 1599 eino
675 1527 972 1622 comprehensione
989 1533 1254 1610 incontinentia,
1272 1541 1307 1602 et
1319 1554 1385 1626 quc
1403 1534 1442 1602 in
1459 1553 1497 1602 eo

318 1665 407 1737 cunt,
424 1653 577 1725 domibus
595 1662 629 1724 et
645 1657 853 1747 cramten'jo.

408 1779 473 1854 His
490 1783 543 1853 cic
561 1780 602 1851 ab
621 1779 764 1874 lrnperio
789 1790 904 1852 noctro
923 1780 1054 1854 donau
1071 1807 1137 1878 par
1155 1807 1299 1879 prem
1316 1784 1497 1876 chrysolau-

319 1911 388 1981 lum
412 1909 553 1982 uerbum
577 1907 790 1980 celsitudinis
815 1916 945 1990 nostre,
972 1913 1121 2005 suceptio
1140 1913 1418 2005 proximantibru
1444 1911 1499 1983 lus

319 2036 463 2117 locutu,
475 2039 588 2132 portio
606 2033 782 2120 uidelicet,
807 2039 917 2108 mucio
936 2045 969 2107 et
985 2039 1127 2108 cortiuic
1144 2061 1319 2110 murorum
1336 2041 1499 2120 ciuitatiu

319 2164 488 2237 babebunt
502 2163 530 2234 V
528 2167 650 2236 coelici
657 2163 730 2245 bec,
741 2161 951 2234 deuotioncm
960 2173 993 2235 et
1000 2163 1113 2257 fidem,
1121 2187 1222 2259 quarn
1231 2165 1377 2262 bnpemo
1385 2176 1499 2238 nostro

314 2293 448 2394 *debent
456 2300 643 2373 seruantes,
651 2289 836 2362 secunlum
842 2290 933 2386 quod
939 2302 973 2363 ct
974 2315 1041 2386 per
1049 2315 1100 2367 cn.
1110 2316 1175 2387 que
1178 2297 1281 2388 prius
1289 2292 1499 2390 cleptim

318 2420 519 2512 cbryoobula
543 2419 631 2490 banc
646 2441 790 2489 seruare
807 2427 970 2490 conentur
987 2417 1231 2512 [nuenton-51,
1259 2425 1500 2516 cuiuscumque

318 2549 410 2619 iuris
428 2549 508 2630 sint,
527 2549 603 2616 siue
620 2543 842 2616 nouolutum·
857 2549 962 2626 iuris,
990 2549 1067 2616 siue
1085 2550 1140 2618 rei
1157 2547 1311 2642 publice,
1336 2551 1415 2619 cuce
1426 2551 1500 2643 pri·

318 2684 408 2756 uate,
434 2676 509 2745 ciue
528 2671 788 2756 cumulamus,
816 2672 874 2742 uel
897 2676 1091 2757 monastice,
1120 2674 1212 2746 rualla
1230 2678 1369 2746 accione
1392 2674 1502 2746 locum

320 2799 505 2872 cucrcucli
521 2799 663 2871 ltabcute
680 2808 797 2870 contro
815 2823 874 2871 eoo
889 2803 1010 2892 arecia
1027 2800 1157 2872 luorum
1177 2799 1221 2873 Si
1236 2825 1319 2872 uero
1333 2805 1501 2897 aucupiam

316 2931 409 3024 forte
427 2929 676 3023 insectationem
689 2929 740 2996 oio
753 2924 932 2998 inluserit
945 2931 1067 3020 oracio
1078 2927 1313 3008 canuiuceudi,
1332 2939 1394 3000 out
1404 2933 1500 3024 aufe·

321 3054 424 3126 reali
439 3059 617 3150 quicquam
636 3077 764 3137 eorum,
781 3077 847 3148 que
862 3057 927 3137 eia,
946 3065 985 3125 ut
1001 3053 1125 3126 dictum
1143 3066 1204 3136 eet,
1231 3055 1309 3128 data
1327 3066 1419 3139 cunt,
1447 3059 1500 3128 ior·

320 3181 571 3254 remissibiliter
587 3181 784 3253 multabitur
802 3206 824 3251 o
837 3190 964 3252 cerreto
981 3186 1040 3276 epi
1057 3192 1112 3254 tou
1127 3182 1273 3274 ykiaoon
1282 3175 1312 3276 ¹)
1330 3187 1369 3255 in
1387 3184 1502 3255 decem

320 3310 419 3381 libric
444 3311 538 3390 auri,
559 3311 658 3402 firmo
677 3318 711 3379 et
727 3319 799 3380 rato
819 3313 983 3381 excolente
1001 3320 1160 3404 presente
1178 3310 1378 3403 chrysubulo
1396 3312 1501 3383 uerba

320 3437 493 3508 clementie
509 3446 633 3520 nostre,
649 3442 742 3532 facto
756 3461 869 3508 monce
886 3437 1018 3509 Murcia
1036 3437 1233 3511 indictionis
1247 3438 1502 3512 undecimam

319 3565 495 3636 millesimi
511 3567 768 3638 cecccnteecimi
785 3568 1075 3661 quiuquuqeceimi
1095 3561 1249 3658 secti²J
1267 3571 1361 3649 anni,
1380 3571 1419 3639 in
1436 3591 1501 3664 quo

320 3701 354 3764 et
370 3701 521 3764 nostrum
533 3695 632 3788 pium
650 3702 685 3764 ct
701 3716 723 3762 a
738 3691 799 3762 eleo
812 3702 1003 3786 promotum
1021 3693 1238 3786 cubeianouit
1254 3693 1471 3790 liopertum.“

410 3820 500 3890 Hauc
518 3819 618 3911 igitur
634 3818 860 3890 veneticorum
881 3819 1142 3913 deprecationem
1162 3822 1334 3914 Imperium
1352 3829 1501 3894 nostrum

321 3967 522 4038 nequaquam
543 3945 698 4029 obiciens,
725 3945 894 4017 confirmat
919 3947 966 4016 sie
985 3923 1157 4018 continens
1176 3947 1406 4042 chrysobolum
1426 3974 1504 4020 uer-

319 4071 395 4142 bum
426 4071 510 4142 inter
538 4071 752 4166 Imperatores
779 4096 909 4167 semper
936 4074 1136 4146 memorandi
1163 4075 1270 4170 patrui
1297 4076 1502 4150 celsitudinis

320 4205 445 4282 nostre,
472 4197 590 4270 domini
609 4198 778 4284 btuuuelis,
803 4223 863 4296 per
880 4221 1018 4296 pressus
1037 4199 1264 4298 chrysobolum
1284 4204 1439 4291 uerbum,
1470 4211 1502 4279 ct

345 4461 373 4533 ²)
393 4459 435 4515 lert
447 4466 500 4515 τῶν
512 4462 656 4518 cincinnus.
907 4469 912 4615 Ι
962 4465 991 4540 ²)
1010 4467 1065 4521 Hoc
1084 4465 1230 4523 addendum
1247 4473 1305 4536 ost,
1324 4471 1363 4527 uti
1381 4489 1414 4527 cx
1433 4473 1501 4528 iodi-

1008 4558 1096 4614 ctiouc
1109 4562 1226 4632 apparet
