3130 5082
285 357 360 430 108
631 367 740 422 [resurr
753 366 822 422 Vns.
835 383 872 422 un
885 367 943 422 tur.
957 367 1106 424 Gnurcuu.

369 538 422 611 Ad
440 539 522 611 baec
540 545 724 612 statuentes
738 539 909 611 statuimus
924 545 959 610 et
977 539 1198 612 confirmando
1217 539 1462 620 confirmamus,

280 673 317 740 ut
335 665 510 739 veneticus
529 688 590 762 pro
609 688 808 760 unoquoque
826 665 961 738 miliario
971 659 1002 759 ¹)
1030 667 1252 762 suprascripto
1272 666 1398 748 Priori,
1428 669 1465 736 et

281 795 336 888 qui
360 817 421 888 per
446 793 677 865 successiones
701 793 820 864 ibidem
844 793 978 878 fuerint,
1005 793 1088 865 duos
1107 788 1302 886 stamines²)
1327 791 1465 886 persol-

282 927 352 1006 vat,
383 927 417 992 at
442 921 569 992 Grecos
602 925 758 1015 quattuor
785 929 852 992 tam
877 919 919 992 de
947 927 1090 1005 statera,
1123 944 1216 1014 quam
1244 927 1280 992 et
1309 919 1350 992 de
1374 919 1464 992 rubo

283 1055 318 1120 et
330 1047 453 1120 miliare
469 1047 551 1130 olei;
571 1047 599 1118 si
619 1070 696 1119 vero
716 1070 856 1120 necesse
870 1048 981 1132 suerit,
999 1047 1119 1120 babeat
1131 1047 1308 1121 Veneticus
1321 1047 1467 1119 medium
1560 1113 1561 1134 ,

282 1182 420 1248 metrum
439 1181 474 1247 et
490 1175 607 1247 rubum
624 1175 710 1270 apud
729 1199 784 1260 se,
812 1181 938 1248 etcum
957 1177 1028 1270 ipso
1049 1175 1167 1248 vendat
1185 1199 1287 1270 usque
1307 1174 1348 1247 ud
1366 1175 1468 1269 quun·

283 1303 438 1398 quaginta
463 1301 581 1387 libras,
607 1309 642 1374 et
665 1303 693 1374 si
721 1302 806 1374 ultra
830 1303 918 1397 ipsas
943 1303 1176 1398 quinquaginta
1201 1302 1299 1374 libras
1317 1301 1467 1374 rendere
1560 1311 1562 1388 j

283 1431 434 1516 voluerit,
453 1429 546 1502 tollat
564 1437 701 1502 metrum
721 1430 762 1502 de
780 1430 929 1525 predicta
948 1431 1104 1516 ecclesia,
1131 1437 1166 1502 ct
1183 1455 1244 1526 pro
1264 1454 1467 1526 unoquoque

283 1567 389 1631 metro
417 1557 584 1654 persoluat
613 1558 643 1629 ei
666 1582 764 1630 unum
789 1551 1002 1651 tetartaro³)‚
1031 1565 1066 1631 et
1091 1559 1166 1652 [se]
1192 1560 1378 1654 pensaverit
1403 1583 1469 1654 per
1560 1537 1561 1544 ἵ

283 1689 439 1758 minutum
465 1685 549 1758 ultra
576 1687 809 1782 quinquaginta
834 1687 951 1770 libres,
981 1685 1101 1758 debeat
1119 1685 1160 1758 de
1179 1687 1320 1759 ecclesia
1345 1710 1468 1781 supra-

284 1815 408 1909 scripta
431 1814 548 1886 tollere
571 1813 706 1897 rubum,
732 1819 767 1885 et
794 1813 890 1899 dare,
920 1813 1005 1885 sicut
1021 1837 1082 1908 per
1099 1809 1265 1886 racionem
1283 1813 1468 1895 advenerit,
1557 1896 1563 1915 ι

283 1943 438 2015 stamines
458 1940 540 2012 duos
558 1964 618 2035 per
637 1941 758 2012 miliare
777 1941 900 2036 absque
920 1941 1004 2012 omni
1024 1941 1247 2014 contentione.

374 2068 526 2162 Quisquis
536 2067 1022 2141 nutembuicactionicontraire
1030 2071 1277 2164 presumpserit,
1286 2068 1468 2140 nonsolum

284 2203 322 2270 ut
344 2196 478 2269 honoris
508 2197 613 2290 patrie
640 2195 814 2269 diminutor
836 2203 1110 2291 contemptorque
1135 2199 1199 2269 erit
1225 2196 1469 2291 reprobandus,
1563 2267 1564 2270 ,

285 2325 345 2396 sed
364 2331 398 2396 et
416 2323 556 2396 bendum
569 2323 663 2394 ‘curie
682 2323 802 2396 domini
821 2325 926 2396 nostri
940 2324 1040 2397 Ducis
1055 2325 1139 2398 sciet
1153 2349 1191 2396 se
1207 2323 1468 2408 emendaturum.

373 2451 480 2545 thue
505 2451 612 2523 verius
637 2452 804 2532 credatur,
832 2473 893 2523 nos
918 2454 1070 2547 componi
1095 2453 1214 2524 iecisse
1229 2453 1300 2540 ¹bam
1323 2451 1468 2535 litteras,

287 2578 419 2674 propria
438 2601 566 2672 quoque
585 2601 680 2650 manu
699 2578 960 2673 subscripsimus.

375 2705 450 2798 Ego
469 2703 658 2777 Dominicus
677 2705 892 2778 Maurocenus
912 2731 953 2778 m.
974 2733 1016 2779 m.
1037 2733 1082 2780 ss.

376 2835 449 2927 Ego
471 2831 619 2904 Andreas
638 2836 731 2905 Geno
752 2856 794 2905 m.
814 2857 856 2906 m.
877 2859 921 2906 sa.

376 2959 450 3053 Ego
470 2959 639 3030 Rainerius
658 2959 773 3032 Entius
792 2967 832 3032 tt.
854 2985 899 3032 ss.

375 3085 449 3180 Ego
470 3087 598 3158 Marcus
617 3085 834 3160 Maurocenus
852 3095 892 3160 tt.
912 3113 958 3160 ss.

376 3213 450 3307 Ego
470 3213 550 3286 Otto
569 3214 775 3286 contarenus
794 3221 833 3286 tt.
853 3239 899 3286 ss.

378 3339 451 3435 Ego
471 3339 658 3432 Stephanus
677 3341 833 3413 Pantaleo
853 3348 892 3414 tt.
913 3366 958 3414 ss.

377 3466 451 3562 Ego
469 3466 636 3539 Jobannes
665 3520 673 3537 .
704 3520 712 3540 .
744 3521 752 3539 .
780 3475 821 3540 tt.
842 3493 885 3540 ss.

448 3593 523 3689 Ego
543 3594 708 3666 Jobannes
728 3595 768 3666 da
787 3595 907 3681 Noale‚
931 3596 1085 3669 Subdinc.
1106 3604 1141 3669 et
1157 3597 1248 3683 Not,
1268 3621 1307 3669 ex
1320 3598 1471 3690 jussione

290 3723 586 3817 suprascriptorum
612 3721 796 3816 legatorum
815 3723 974 3820 complevi
993 3732 1028 3796 et
1044 3723 1210 3809 roborari,
1237 3749 1322 3798 anno
1351 3726 1474 3798 domini

289 3849 456 3920 millesimo
476 3851 655 3922 centesimo
675 3851 927 3952 quadragesimo
945 3852 1103 3946 septimo,
1126 3875 1237 3924 mense
1256 3853 1472 3948 Septembris,

290 3975 467 4048 indictione
486 3977 668 4061 undecima,
689 3975 950 4050 Corsrsurruoronr.

317 4221 346 4294 ¹)
366 4219 579 4288 „milliarium
597 4239 689 4294 nempe
702 4223 805 4294 pondua
817 4223 886 4277 milio
899 4223 1038 4278 librarum‘¹
1056 4225 1133 4281 Corn.

315 4310 344 4385 ¹)
364 4313 513 4378 „stamina
531 4329 578 4368 seu
598 4317 747 4369 stamena
764 4332 843 4386 parra
856 4319 958 4370 moneta
971 4320 1059 4372 enea“
1079 4315 1156 4372 Corn.

317 4401 345 4476 ⁸)
365 4405 584 4470 „tetartarum
601 4422 719 4461 nummus
732 4410 790 4461 erat
806 4423 902 4471 ansus,
921 4411 1021 4478 quarte
1039 4407 1107 4479 parti
1126 4408 1226 4464 denarii
1244 4409 1412 4482 equirnlens,
1431 4412 1477 4482 qui

365 4494 441 4550 atium
454 4495 593 4568 aliquando
605 4497 750 4554 nominatus
763 4497 890 4555 invenitur
903 4498 1141 4555 'tartaronum‘
1156 4497 1234 4556 Corn.
1253 4502 1301 4556 Eat
1312 4501 1477 4558 Graecorum

365 4585 528 4661 τιταρῐηρὸν.
