3110 5076
316 326 392 398 210
780 334 899 388 l‘aoruu
910 335 1029 388 laurea.

316 509 356 578 de
374 507 424 578 bis
442 505 673 600 prouenientes
684 505 836 578 talionem
845 497 876 596 ¹)
896 505 943 574 eis
958 505 1085 576 lactura
1104 510 1168 587 est,
1187 505 1497 598 possessionemque

316 635 535 706 inseditiosarn
554 632 719 704 Venetiois
738 633 827 704 lacit.

406 763 510 832 Porro
543 761 703 833 serenitas
735 765 849 831 nostra
881 759 1132 852 benignitatem,
1172 781 1266 853 quam
1301 751 1414 852 [ex]²)
1446 759 1496 827 eie

316 889 476 970 exbibuit,
496 909 697 982 nequaquem
715 887 883 979 hueusque
902 887 1031 968 statuet,
1057 888 1152 960 immo
1172 894 1207 958 et
1224 887 1320 958 alium
1340 891 1497 958 senten&

318 1017 399 1088 rium
418 1038 516 1086 onum
530 1037 766 1108 yperperorum
782 1015 828 1084 eis
843 1014 981 1107 largitur
994 1013 1078 1086 ultra
1092 1021 1168 1085 ante
1182 1014 1291 1086 daturo
1310 1014 1357 1084 eis
1382 1019 1497 1084 oente-

316 1143 441 1214 narium
465 1165 563 1213 unum
582 1163 817 1235 yperperorum
836 1149 870 1212 et
887 1140 1019 1212 residua
1045 1141 1287 1234 quatuordeeim
1308 1140 1498 1211 oentenaria

316 1291 570 1365 yperperorum
587 1267 753 1360 dequibus
768 1269 832 1338 duo
844 1267 972 1362 quidem
983 1291 1055 1339 oum
1066 1267 1194 1338 dimidio
1207 1267 1367 1360 extemplo
1378 1267 1440 1338 iam
1450 1267 1499 1336 eis

317 1397 386 1468 dari
405 1397 554 1490 preoepit
568 1394 707 1488 (quippe
722 1401 757 1466 et
771 1393 846 1466 data
860 1396 968 1484 sunt),
987 1395 1111 1489 reliqua
1129 1418 1212 1466 uero
1231 1394 1405 1466 duodeeim
1424 1415 1498 1464 eura

319 1523 447 1596 dimidio
473 1525 520 1594 eis
544 1522 612 1592 dari
632 1547 691 1615 per
712 1545 815 1593 annos
834 1546 909 1606 sea,
937 1521 1077 1594 debente
1097 1523 1144 1593 eis
1161 1545 1221 1616 per
1238 1543 1499 1614 unumquemque

318 1671 435 1722 annom
454 1649 522 1720 dari
543 1649 721 1742 quantitate
740 1649 992 1742 proporoionali.
1024 1649 1067 1720 Et
1089 1649 1248 1744 aooipieot
1266 1647 1416 1742 equidem
1434 1647 1499 1718 bee

320 1777 376 1848 Xll
401 1777 460 1848 sio.
504 1776 609 1848 Erunt
633 1783 741 1848 aulem
765 1785 800 1846 et
829 1776 948 1848 tradita
972 1776 1049 1870 ipsis
1073 1775 1180 1846 omnia
1207 1775 1433 1868 possidentes,
1463 1783 1500 1844 ut

322 1905 442 1976 dietum
462 1910 529 1987 est,
550 1927 719 1996 quousque
739 1927 794 1986 ea,
820 1925 883 1996 que
901 1925 961 1996 per
980 1904 1237 1974 consentionem*
1250 1901 1501 1995 prespoponde-

322 2023 438 2122 runt³)
458 2036 491 2102 et
509 2031 690 2102 iuramento
705 2030 991 2112 eonlirmauerunt,
1011 2051 1097 2100 nuno
1111 2031 1252 2100 existens
1272 2027 1503 2100 nobillissimus

322 2161 393 2230 Dux
411 2157 546 2230 Venetie
565 2165 692 2251 etpost
710 2181 783 2229 euna
801 2155 899 2227 futuri
925 2155 1035 2226 Duces
1053 2155 1187 2226 Venetie
1207 2163 1241 2226 et
1259 2157 1414 2226 uniuersa
1432 2155 1502 2225 eius

323 2285 489 2382 plenitudo
514 2285 719 2366 custodiunt;
743 2289 877 2356 seruant
900 2305 1029 2375 quoque
1054 2282 1190 2354 firmiter
1213 2289 1247 2352 et
1265 2305 1330 2374 que
1348 2307 1365 2352 a
1385 2281 1503 2374 legatis

324 2435 448 2494 sorum,
467 2412 595 2484 sororio
616 2411 740 2484 seilieet
759 2409 946 2482 nobilissimi
966 2407 1065 2482 Ducis
1084 2409 1230 2492 Venetie,
1255 2409 1353 2480 Petro
1374 2408 1504 2479 Cornu-

324 2541 392 2624 rio,
420 2539 518 2612 Petro
537 2537 712 2618 bliebaele,
736 2537 917 2608 Octauiano
937 2537 1090 2623 Quirino,
1119 2535 1267 2608 dobanoe
1289 2535 1449 2608 lliebaele
1474 2541 1507 2608 ot

325 2668 494 2738 Dominioo
514 2665 663 2748 Memno,
687 2666 907 2736 Procuratore
926 2663 1065 2736 ecclesie
1084 2663 1186 2734 saneti
1206 2662 1317 2745 llsroi,
1342 2686 1405 2756 per
1423 2682 1505 2734 oon-

273 2812 276 2820 ·
326 2795 511 2866 uentionem
529 2817 615 2864 nuno
632 2793 792 2886 promisso
810 2797 887 2862 sunt
905 2797 938 2862 et
955 2792 1025 2861 iure
1043 2791 1178 2862 iurando
1198 2790 1426 2862 corroborata.
1470 2873 1475 2880 Ι

415 2921 575 2994 Consedit
609 2920 758 3013 equidem
793 2923 905 2990 nostra
938 2917 1118 2990 sublimitas
1146 2917 1308 2990 Venetieis
1344 2919 1506 2990 actionem

328 3071 462 3120 mouere
481 3054 596 3120 eontra
614 3047 762 3119 homines
781 3045 910 3138 lmperij
931 3046 1052 3128 nostri,
1079 3045 1144 3136 qui,
1164 3069 1224 3116 eeu
1244 3046 1305 3138 ipsi
1324 3067 1506 3139 suggesse·

212 3267 219 3282 Ι
329 3181 417 3258 runt,
436 3199 490 3246 res
509 3174 690 3246 antulerunt
712 3174 856 3266 ipsorum
874 3173 1016 3244 iussione
1035 3195 1165 3266 semper
1183 3171 1381 3244 memorandi
1401 3173 1508 3265 lmpe·

328 3303 449 3374 satoris
482 3308 515 3374 et
546 3301 808 3372 desideratissimi
844 3300 950 3396 patrui
989 3299 1188 3372 celsitudinis
1220 3273 1350 3382 nostre,
1388 3299 1507 3370 domini

330 3429 504 3512 ldanoebs,
529 3435 626 3510 tuno,
653 3451 724 3498 cum
745 3429 830 3520 eapti
844 3428 994 3509 luerunt;
1015 3427 1243 3500 subtraxerunt
1261 3433 1371 3498 autem
1391 3433 1427 3497 et
1445 3448 1509 3496 nun

332 3555 538 3639 obtulerunt,
561 3555 739 3626 seeundum
758 3556 845 3647 quod
863 3557 894 3625 in
912 3554 1104 3648 predimisso
1124 3553 1322 3648 obrysobulo
1342 3552 1509 3624 eelsitudi-

332 3684 382 3754 nis
401 3689 514 3754 nostre
533 3683 573 3754 de
593 3683 656 3754 boo
670 3683 880 3754 constitutum
899 3687 962 3764 est,
983 3682 1069 3752 omui
1088 3682 1148 3753 alia
1168 3681 1295 3754 notione
1315 3679 1428 3762 debiti,
1448 3701 1509 3771 que

332 3808 496 3882 Venetiois
514 3815 630 3882 eontra
648 3809 845 3880 Romeorum
863 3810 1053 3902 quempiam,
1073 3808 1126 3878 uel
1139 3815 1254 3880 eontra
1267 3807 1370 3900 ipsrun
1384 3806 1509 3886 booron

334 3935 388 4008 uel
413 3935 543 4006 Romeis
570 3943 604 4007 et
626 3937 707 4006 lisoo
732 3943 849 4007 eontra
868 3933 1042 4006 Venetioos
1067 3942 1142 4006 ante
1166 3935 1348 4028 eaptioneru
1367 3936 1510 4028 ipsorum

334 4063 537 4146 conuenerit,
556 4063 674 4134 irritari
689 4062 828 4134 debente
842 4063 882 4134 ab
894 4063 1040 4157 utrisque
1059 4063 1223 4154 pertibus3
1243 4067 1396 4155 presente
1416 4059 1511 4153 obry-

248 4183 257 4210 ‘
336 4189 453 4262 sobulo
486 4190 588 4260 uerbo
624 4191 753 4285 lorperij
786 4190 889 4262 nostri
927 4191 1018 4260 brono
1050 4195 1083 4260 et
1114 4189 1288 4260 inuiolabili
1320 4211 1510 4283 permanere

363 4449 391 4525 ¹)
411 4453 575 4506 toloneum
594 4453 627 4505 ll.
976 4451 1004 4524 3)
1023 4469 1110 4525 spop.
1131 4453 1163 4505 ll.

363 4543 392 4615 ¹)
412 4543 466 4597 Oru.
480 4543 505 4596 in
518 4543 566 4598 La.
581 4547 609 4598 et
621 4544 690 4614 apud
703 4544 767 4598 ldae
