3148 5080
285 295 336 369 58
704 304 1053 362 nortmannorum.

286 479 335 548 ire
355 477 530 550 debeamus
550 500 611 549 ueo
630 499 690 572 per
709 477 961 572 nosmetipsos,
981 499 1088 572 neque
1107 499 1167 570 per
1186 483 1319 548 nostros
1339 499 1487 548 sueces-

286 627 383 676 sores
402 603 452 674 vel
471 604 623 686 heredes,
644 604 719 698 quia
738 604 769 672 iu
789 603 919 695 legibus
932 609 1063 674 cautium
1082 610 1181 696 atque
1199 610 1394 698 preceptum
1417 609 1487 684 est,
1568 589 1569 642 t

287 736 324 802 ut
337 731 382 814 id,
404 731 492 824 quod
501 725 531 824 ¹)
551 731 652 803 semel
668 731 776 812 datur,
797 707 1016 802 vel'douatum
1030 737 1087 801 aut
1101 730 1245 801 oblatum
1260 731 1372 814 luerit,
1391 729 1488 800 ouillo
1567 723 1569 766 ²

289 857 389 928 modo
407 865 594 930 revocetur.

380 985 450 1056 lleo
469 985 576 1056 omnia
595 984 773 1055 observare
791 988 826 1054 et
844 982 1021 1076 adimplere
1039 983 1270 1076 promittimus.

380 1111 424 1181 ut
442 1133 514 1194 vos,
532 1111 661 1183 domiue
680 1110 905 1204 prenominata
919 1109 1091 1180 Karimaue
1105 1109 1217 1182 Abbos
1236 1117 1270 1181 et
1287 1109 1388 1181 uestri
1404 1133 1491 1180 sue·

292 1262 465 1320 sessores,
491 1231 707 1330 obseruare²)
732 1236 880 1308 debeatis
904 1237 937 1306 iu
961 1242 1155 1332 perpetuum
1173 1237 1257 1320 boe,
1284 1237 1374 1332 quod
1402 1237 1494 1308 inter

291 1389 352 1436 nos
371 1371 527 1436 statutum
545 1363 715 1446 babemus,
736 1370 772 1434 ut
790 1386 890 1458 supra
908 1363 1042 1456 legitur,
1063 1363 1263 1458 depredata
1282 1363 1408 1436 sebala.

385 1490 511 1578 Quodsi
537 1513 733 1586 quoeunque
755 1495 905 1584 tempore
934 1495 1049 1562 eontra
1073 1489 1158 1562 bauo
1176 1489 1351 1562 oblationis
1372 1497 1493 1562 cartu·

293 1619 357 1689 lam
375 1619 424 1688 ire
443 1617 720 1712 temptaverimus,
741 1622 797 1687 aut
816 1614 948 1711 aliquod
967 1615 1043 1686 iude
1057 1616 1251 1689 subtrahere
1270 1617 1321 1688 rel
1340 1617 1495 1687 minuere

294 1745 586 1840 presumserimus‚
619 1743 671 1813 vel
703 1742 835 1838 aliquod
866 1749 959 1814 retro
992 1743 1112 1814 donum
1145 1749 1202 1814 aut
1233 1744 1387 1814 meritum
1416 1741 1496 1814 iude

294 1870 549 1966 inquisierimus,
577 1875 669 1941 reete
695 1892 754 1940 vos
783 1869 978 1953 observare,
1007 1860 1081 1961 ιη’)
1112 1870 1231 1942 dietum
1256 1876 1325 1954 est,
1355 1869 1400 1940 de
1422 1872 1496 1962 jam

297 1999 384 2070 diota
398 1997 499 2081 scala,
518 2005 599 2068 tuuo
610 2019 677 2068 nou
696 1997 802 2068 solum
820 2002 946 2068 reatum
965 1996 1124 2068 mendacii
1142 1998 1358 2079 incurramus,
1379 2019 1497 2070 rerum

299 2125 394 2196 etiam
413 2114 643 2218 prostimum⁴)
663 2122 793 2194 solvere
812 2122 1029 2216 promittimus
1048 2147 1121 2194 eum
1140 2125 1264 2196 uostris
1283 2123 1497 2196 suecessori-

298 2250 360 2321 bus
380 2256 413 2321 et
431 2238 608 2320 heredibus
627 2249 658 2320 in
679 2249 904 2343 suprascripto
924 2251 1123 2322 monasterio
1147 2250 1185 2322 S.
1201 2251 1339 2344 Georgii
1359 2258 1395 2322 et
1413 2271 1497 2345 pre·

299 2379 388 2450 dieto
405 2377 524 2448 Abbati
538 2376 712 2448 Karimauo
733 2399 772 2448 ae
792 2377 1041 2448 suecessoribus
1062 2376 1134 2470 ejus
1154 2379 1225 2450 auri
1243 2377 1344 2448 libras
1363 2377 1496 2450 decem.

389 2503 433 2575 Et
459 2503 523 2574 heo
550 2526 688 2598 presens
717 2502 838 2574 oblatio
868 2509 902 2574 et
929 2503 1073 2597 alligatio
1102 2504 1251 2576 obartulo
1278 2505 1496 2599 infrascripto

300 2631 415 2702 ordine
435 2653 474 2701 ex
493 2637 630 2725 utraque
657 2629 803 2724 partein
822 2652 881 2700 sua
899 2651 1031 2724 semper
1049 2637 1178 2702 moueat
1203 2629 1372 2714 firmitate,
1399 2651 1501 2725 quam

300 2757 449 2828 seribere
467 2758 654 2851 rogavimus
673 2755 858 2838 Androm,
881 2756 1115 2850 presbiterum,
1134 2755 1376 2842 Martiuaoium‚
1397 2765 1501 2829 uota·

301 2885 384 2956 rium
409 2890 443 2955 et
468 2885 504 2955 S.
525 2884 660 2954 loannis
686 2882 828 2976 baptiste
857 2883 1049 2977 plebanum,
1078 2885 1111 2955 iu
1136 2906 1247 2956 meuse
1267 2891 1301 2956 et
1317 2885 1503 2956 iudiotioue

303 3011 526 3106 suprascripta
544 3010 644 3081 tertia
664 3009 800 3079 decima.

394 3137 469 3229 Ego
489 3135 602 3205 Vitalis
621 3135 765 3219 Faletro,
793 3134 845 3206 dei
865 3136 1074 3228 gratabor,
1100 3159 1196 3210 mauu
1214 3161 1287 3210 mea
1306 3137 1503 3234 subscripsi.

394 3262 469 3356 Ego
489 3263 633 3333 Joauues
652 3261 816 3333 Badoario
831 3263 945 3355 juder.

394 3390 471 3483 Ego
490 3390 650 3462 lleurieus
669 3389 833 3483 Ursoyolo
849 3390 964 3484 judex.

395 3517 470 3610 Epo
488 3515 641 3590 Joouoes
656 3515 1009 3610 Mourocenuajudsae
1027 3527 1087 3585 atu
1102 3527 1181 3584 corn.

396 3644 472 3736 Ego
491 3643 696 3716 Badouarius
714 3642 817 3714 Aurio
832 3643 948 3736 judex.

397 3771 472 3862 Ego
492 3771 636 3841 loannes
656 3769 844 3842 Gradouico
860 3769 976 3862 judex.

397 3906 477 3962 corn.
494 3904 580 3960 saort:
599 3895 672 3990 Epo
701 3893 818 3968 Vitatis
837 3895 1000 3970 Aduotdo.

400 4020 473 4116 Epo
493 4021 602 4094 Aurio
621 4019 831 4093 Boseudello.

569 4206 633 4214 .—

336 4299 364 4375 1)
384 4299 614 4374 ut,oumquid
628 4299 706 4356 Corn.
963 4300 992 4376 ⁴)
1012 4302 1207 4375 prostiuum
1221 4303 1312 4360 Corma
1327 4307 1355 4359 at
1375 4307 1420 4358 ast
1434 4304 1511 4360 Grae·

334 4392 363 4466 ¹)
384 4389 797 4464 stadimpleredob.Corn.
1011 4394 1454 4466 eorumupdortpoa,poeua.

337 4481 366 4558 ⁸)
386 4481 754 4539 vosobsarrautoCoro.
