3130 5078
262 350 338 424 550
604 361 824 416 Sacaannu‘rona
839 375 975 414 oarvourea
987 359 1104 414 Teneor.

399 532 473 625 Ego
487 530 652 603 lohannes
665 525 880 626 Kardisga¹),
896 529 1069 624 presbyter
1084 535 1119 600 et
1134 530 1292 612 notarius,
1304 533 1446 622 rogatus

257 659 408 740 interlui,
435 663 469 728 et
488 667 588 750 prout
607 659 668 728 vidi
688 664 721 728 et
739 658 872 738 audivi,
889 657 1021 750 scripsi,
1043 656 1202 750 complevi
1223 666 1259 730 et
1277 655 1442 726 roboravi.

405 783 479 879 Ego
489 784 651 867 Vivianus,
663 785 818 879 scriptor,
827 785 973 858 notarius
984 789 1018 854 et
1028 783 1132 866 iudex,
1141 783 1342 854 autenticum
1352 781 1446 852 buius

262 910 322 981 vidi
352 915 385 980 ct
412 909 497 1004 legi,
533 934 594 984 nec
622 912 729 983 addidi
756 935 818 982 nec
846 912 964 994 minui,
999 911 1058 980 nisi
1087 909 1175 1003 quod
1201 911 1294 980 ineo
1323 907 1443 990 inveni,

260 1036 399 1129 ideoque
424 1037 564 1108 fideliter
585 1037 761 1132 exemplavi
788 1045 823 1110 et
845 1039 979 1132 propria
998 1060 1093 1108 manu
1114 1059 1186 1106 mea
1203 1037 1327 1108 firmavi
1347 1041 1445 1127 atque

262 1163 452 1257 subscripsi.

795 1343 917 1414 CXLV.

262 1485 479 1550 Sacramentum
494 1485 659 1568 presbyteri
671 1483 794 1564 lleoll,
811 1483 899 1548 electt
916 1485 1048 1549 canonlol
1063 1487 1093 1548 tn
1110 1484 1302 1568 patrlarcloll
1320 1483 1447 1547 orclesla

687 1593 1023 1677 constantinopolum.

635 1735 666 1790 Α.
684 1734 709 1788 d.
725 1735 809 1798 1205,
830 1733 874 1790 dio
888 1734 931 1790 ll.
946 1752 979 1788 m.
992 1733 1079 1789 bladii.

353 1863 418 1926 Lib.
436 1863 501 1927 Alb.
519 1861 570 1926 fol.
589 1864 642 1928 36.
667 1863 734 1930 Lib.
752 1863 833 1927 Pacl.
851 1864 877 1938 l,
898 1863 971 1926 llll.

354 2013 388 2084 ln
417 2014 546 2084 nomine
575 2013 693 2084 domini
721 2014 773 2084 alei
800 2020 834 2085 et
861 2014 1033 2085 salvatoris
1061 2013 1164 2083 nostri
1188 2012 1289 2084 lbesu
1316 2011 1446 2083 Christi.

266 2140 381 2210 Amen.

353 2266 446 2336 Anno
466 2263 584 2336 domini
610 2265 777 2336 millesimo
804 2265 1029 2337 ducentesimo
1050 2267 1181 2360 quinto,
1207 2287 1320 2334 mense
1339 2265 1447 2348 bladii,

264 2393 315 2464 die
335 2391 580 2487 quartodecimo
600 2391 752 2476 intrante,
773 2393 948 2464 indictione
969 2399 1095 2465 octava.
1125 2393 1261 2464 Rrvomrr.

353 2522 388 2590 ln
412 2518 578 2612 presentia
602 2518 758 2590 lobannis
782 2521 955 2612 presbiteri
981 2521 1086 2591 sancti
1107 2519 1186 2602 Viti,
1212 2525 1247 2589 et
1271 2518 1446 2590 Oarlevarii

264 2645 436 2740 presbiteri
457 2645 559 2716 saneti
580 2645 750 2730 Samuelis,
771 2653 805 2716 et
822 2645 978 2718 lobannis
998 2647 1141 2717 eiusdem
1161 2647 1265 2716 sancti
1287 2645 1448 2715 Samuelis

265 2773 388 2857 clerici,
407 2772 558 2844 Padavini
578 2771 690 2844 clerici
708 2775 811 2844 sancti
827 2774 992 2857 Canniani,
1013 2781 1111 2868 atque
1131 2774 1217 2844 Petri
1233 2772 1324 2842 Ciani
1344 2772 1448 2844 comi·

264 2900 325 2984 tis,
351 2898 480 2971 Henrici
507 2897 733 2990 Navigazoso,
759 2901 846 2970 Petri
871 2899 1028 2984 Barbani,
1054 2899 1211 2971 lobannis
1231 2901 1389 2981 Tonisto,
1415 2907 1449 2970 et

265 3026 425 3098 Dominici
444 3026 625 3109 Conterini,
645 3031 743 3118 atque
764 3025 895 3096 llenrici
914 3027 1099 3097 llauroceni
1119 3033 1153 3096 et
1171 3026 1322 3096 aliorum:

355 3153 481 3248 quidam
497 3153 619 3236 clerici,
640 3152 790 3224 videlicet
802 3152 969 3224 lohannes
984 3148 1125 3245 Teovli²)
1144 3153 1320 3247 presbyter
1335 3161 1448 3225 sancte

265 3283 392 3361 crucis,
418 3277 569 3374 Phylipus
590 3279 748 3350 diaeonus
768 3279 951 3373 Clugiensis
971 3280 1166 3364 canonicus,
1193 3279 1349 3351 Albertus
1368 3281 1448 3352 sub-

265 3408 421 3478 diaconos
433 3408 537 3478 sancti
553 3405 713 3492 Silvestri,
726 3380 856 3476 ⁵Natalis
871 3405 1010 3478 clericus
1029 3431 1128 3501 supra
1148 3415 1261 3480 sancta
1280 3408 1333 3478 dei
1349 3431 1448 3479 evan·

265 3535 353 3628 gelia
373 3535 573 3618 iuraverunt,
594 3534 681 3628 quod
694 3533 782 3604 bona
795 3533 859 3602 lide
874 3533 1052 3604 servabunt
1071 3557 1121 3616 ea,
1143 3558 1206 3627 que
1225 3535 1257 3605 in
1276 3537 1446 3629 capitulari

265 3661 472 3756 superposito
492 3659 667 3754 evangeliis
687 3661 952 3744 continebantur,
972 3661 1064 3731 cuius
1084 3668 1180 3732 tenor
1200 3667 1287 3732 erat:

342 3783 347 3792 ’
455 3883 458 3888 Ι
541 3786 827 3860 loramentum
855 3791 1170 3860 canonicorum.

358 3911 467 3998 ,Juro
482 3939 542 4008 epo
560 3912 647 3985 Τ...
664 3915 788 3985 elector
806 3917 989 3986 cononicus
1008 3915 1147 3987 ecclesie
1165 3923 1281 3986 cuncte
1300 3913 1443 4010 Sopbpe,

264 4039 355 4136 qood
377 4063 445 4110 non
464 4040 600 4133 elipom,
626 4064 734 4136 meque
752 4065 819 4135 pro
836 4065 940 4137 pocae
965 4065 1036 4110 meo
1063 4043 1225 4136 receptam
1250 4044 1288 4112 a‘n
1308 4047 1446 4136 prefato

265 4167 406 4238 ecclesia
446 4175 560 4238 sancte
596 4164 722 4262 Sopbic
764 4166 1060 4252 archidiaconum,
1104 4167 1445 4262 archipresbyterum,

259 4297 487 4392 propositam,
513 4293 693 4378 decanum,
713 4295 982 4377 thesaurarium,
1002 4319 1108 4391 neque
1122 4295 1267 4392 aliquem
1286 4299 1324 4368 in
1343 4297 1446 4367 olium

292 4558 621 4630 ¹)cnaroiags1r.
853 4559 858 4630 l
908 4558 1171 4632 ”placeatne
