3110 5076
539 353 657 408 Psoron
672 351 787 408 lernou.
1176 343 1252 415 207

10 571 11 580 1
77 529 185 594 nostra
202 525 380 596 serenitate
394 525 423 594 ei
439 525 598 616 promissa
612 532 699 616 sunt,
719 525 872 595 uidelicet
885 525 917 595 in
932 524 1114 596 redditione
1131 548 1254 606 rernm,

10 667 12 738 g
77 673 135 742 que
153 649 318 722 Venetieis
344 651 451 723 abbate
474 653 607 724 inerunt
632 659 725 734 tnnc,
754 674 827 722 cum
847 673 865 721 n
885 675 1014 746 semper
1042 651 1253 723 memorando

77 776 272 870 Imperatore
286 785 321 850 et
334 779 631 850 desiderantissimo
642 777 844 850 celsitudinis
857 785 969 850 nostre
979 785 1109 872 patruo,
1124 778 1255 848 domino

10 875 12 990 Ι
77 904 221 976 biannele
241 907 426 991 Comuauo,
454 908 540 1002 capti
559 909 703 990 fuerunt,
729 913 764 976 et
782 905 977 977 exhibitione
994 906 1255 976 centenariorum

10 1029 12 1116 i
78 1033 321 1124 quatuordecim
340 1049 594 1128 yperperorum,
621 1057 685 1126 que
703 1033 788 1102 ultra
808 1055 879 1102 eam
904 1032 982 1127 ipsis
1001 1033 1161 1126 promissa
1181 1037 1257 1102 sunt

10 1207 11 1258 3
78 1160 117 1232 ob
135 1184 284 1244 causam,
304 1185 367 1255 que
387 1164 418 1233 in
438 1161 605 1234 crisnbulo
624 1184 685 1256 pro
705 1159 840 1232 hiisdem
860 1157 949 1230 edito
969 1161 1187 1244 notificantur,
1214 1159 1256 1230 ob

10 1297 12 1384 ζ
78 1311 152 1378 quas
163 1279 196 1380 ¹)
215 1295 251 1358 et
268 1311 366 1360 unum
385 1288 607 1360 centenarium
619 1309 855 1382 yperperorum
875 1286 922 1356 eis
940 1287 1179 1378 preimpensum
1195 1292 1257 1356 est.

10 1393 12 1504 i
162 1413 292 1507 Quippe
310 1421 345 1484 et
363 1413 466 1504 nuntij
487 1415 528 1486 ad
546 1420 692 1485 nostrum
711 1412 913 1483 clementiam
931 1413 1020 1482 missi
1040 1419 1135 1484 sunt:
1154 1412 1257 1505 primo

79 1539 204 1630 quidem
232 1535 424 1632 Michael²)‚
458 1540 658 1610 Octauianus
677 1539 830 1626 Quirinus
858 1545 892 1608 et
917 1539 1083 1610 Jobannes
1111 1537 1259 1620 Michael,

10 1673 12 1736 t
79 1669 329 1739 conuentionem
348 1691 450 1750 suam,
475 1689 571 1760 quam
590 1667 728 1760 Imperio
748 1673 862 1738 nostm
883 1673 917 1738 et
935 1669 1091 1738 Romanie
1109 1667 1260 1738 iecerunt

10 1861 11 1896 ,
79 1795 257 1866 iuramento
278 1795 538 1876 corroboratam,
558 1793 706 1889 equidem
726 1794 921 1875 offerentes,
948 1799 981 1865 et
1000 1817 1063 1888 que
1081 1794 1159 1888 ipsis
1178 1817 1259 1888 pro-

10 1929 12 2014 t
79 1922 172 1994 missa
192 1930 271 1994 snut
289 1945 350 2016 per
369 1920 616 2016 obrysobulum,
641 1927 678 1993 ut
697 1921 818 1992 dictum
837 1927 903 2003 est,
927 1921 1115 2014 exigentem
1144 1921 1260 1993 deinde

10 2019 13 2164 i
78 2073 156 2121 uero
185 2049 380 2141 sorori(ue)
409 2049 599 2120 nobilissimi
618 2056 653 2119 et
677 2048 815 2141 imperio
835 2055 950 2120 nostro
969 2048 1143 2120 fidelissimi
1161 2049 1262 2120 Ducis

78 2177 212 2248 Venetie
242 2177 360 2246 Petrus
386 2177 564 2248 Cornarius
589 2182 624 2246 et
648 2176 838 2247 Dominions
865 2177 1038 2261 Memmus‚
1067 2182 1262 2270 procurator

78 2303 217 2376 ecclesie
244 2305 349 2374 sancti
378 2304 497 2387 Marci,
522 2304 698 2374 iuinuetum
726 2303 876 2395 proiecto
903 2295 1115 2396 babentem⁸)
1144 2303 1263 2398 agendi

78 2433 168 2504 simul
177 2454 254 2502 cum
265 2430 529 2526 precedentibus,
543 2435 760 2524 reppererunt
769 2428 898 2523 quidem
907 2427 1109 2500 elementiam
1118 2436 1262 2502 nostram

78 2559 221 2653 ipsorum
237 2557 408 2652 poetitioni
423 2563 630 2641 annuentem,
650 2562 685 2626 et
703 2556 743 2626 ad
761 2548 1034 2650 perfectionem)
1054 2577 1179 2641 eorum,
1199 2579 1263 2650 que

79 2684 117 2754 ab
136 2685 217 2778 ipsis
239 2683 457 2778 postulantur,
476 2689 632 2777 paratam.
661 2681 781 2754 Vemm
796 2675 1025 2776 uniuersalis⁵)
1046 2683 1210 2754 annulatio
1229 2688 1264 2754 et

79 2809 218 2904 perditio
238 2834 361 2894 rerum,
386 2834 450 2904 que
470 2809 578 2880 ablate
596 2809 674 2903 ipsis
694 2811 797 2892 inere,
817 2809 975 2878 uoluntati
995 2809 1082 2880 bone
1101 2810 1263 2880 serenita-

81 2937 119 3008 tis
135 2945 271 3024 nostre,
298 2961 394 3030 mam
414 2959 496 3030 erga
514 2938 604 3029 ipsos
623 2936 793 3007 clementie
813 2942 925 3008 nostra
944 2935 1101 3020 babebat,
1126 2937 1264 3030 impedi·

82 3071 188 3136 mento
217 3064 370 3158 equidem
398 3063 517 3134 stabnt.
556 3062 682 3134 ideirco
709 3071 823 3132 nostra
851 3063 1011 3132 serenitas
1039 3062 1111 3133 illos
1143 3065 1264 3136 imitata

82 3193 242 3266 uiatores.
262 3193 317 3285 qui
336 3215 355 3262 n
375 3191 446 3272 uin,
475 3191 616 3260 ducente
635 3188 677 3259 nd
695 3189 745 3272 id,
773 3189 860 3282 quod
877 3189 1010 3274 uniunt,
1036 3189 1264 3276 diuersorium‚

83 3319 241 3390 modicum
251 3315 602 3442 declinantesquando
611 3308 778 3409 quidem⁶)
788 3316 836 3386 sic
844 3296 934 3400 casn,
945 3339 1007 3408 que
1017 3323 1109 3388 reete
1118 3319 1264 3404 niesunt,

84 3467 241 3542 prospere
256 3447 304 3518 eis
316 3469 382 3517 non
396 3447 516 3530 iacent,
532 3467 592 3538 per
602 3444 693 3516 anon
703 3445 787 3514 niam
798 3443 839 3514 nd
852 3443 939 3513 idem
948 3446 1123 3538 peruenire
1135 3469 1265 3542 coguu-
1399 3527 1402 3536 ,

85 3579 145 3657 tur,
161 3575 253 3646 etad
270 3573 409 3645 eundem
419 3574 515 3644 tinem
526 3571 713 3654 deueninnt,
725 3593 916 3665 quemquem
927 3595 987 3666 per
1000 3572 1265 3656 eliamrinm;-

10 3671 12 3762 i
87 3699 165 3770 etsd
174 3699 281 3770 uerba
290 3700 425 3770 ueniens
436 3721 510 3770 cum
524 3699 586 3769 inm
597 3698 692 3769 dictis
705 3697 824 3792 legatis
833 3721 895 3792 pro
905 3721 1015 3769 rerum
1026 3703 1265 3774 cornminuen·

10 3819 12 3920 i
87 3826 183 3910 bone,
199 3827 273 3919 quie
285 3825 474 3920 impossibili
488 3823 546 3915 [in
554 3825 675 3920 poen]
693 3847 764 3895 eam
779 3825 940 3895 iacentem
956 3847 1157 3922 nequaquam
1172 3853 1266 3900 com-

10 3923 12 4062 }
88 3951 245 4042 periebat,
273 3949 369 4025 alium
398 3951 528 4024 modum
553 3952 601 4022 eie
625 3951 766 4046 precipit
783 3953 952 4046 reperire,
980 3977 1164 4049 perquem
1188 3955 1266 4028 tatio

93 4153 402 4167 ⁸²---—-—--·--—----------—·

114 4285 138 4358 ¹)
157 4289 193 4342 ob
213 4306 295 4360 qnos
314 4289 365 4343 LP.
384 4289 448 4360 Lsg.
468 4289 505 4342 nb
524 4288 622 4360 quod.
664 4335 666 4341 .
728 4285 755 4359 ⁶)
776 4287 1017 4344 uniuersaliter
1035 4290 1069 4344 bi.

113 4375 140 4448 ²}
158 4380 279 4435 Petrus
297 4377 441 4434 biicbael
460 4377 557 4432 MP.
726 4375 756 4450 ⁸)
776 4379 850 4450 quin
878 4378 967 4450 qnod
991 4379 1041 4436 sic
1065 4381 1128 4446 nn:
1156 4399 1267 4454 qnem-

115 4466 140 4539 ⁸)
157 4469 338 4525 baben-teet
777 4483 872 4542 quam
891 4469 950 4525 sic.
971 4469 1005 4525 u.

115 4554 141 4630 *)
158 4560 401 4632 professionem
421 4560 454 4614 m.
