3130 5078
422 353 543 408 Enrcrro
557 353 663 408 llnnuu
677 352 759 408 Gnuo
772 369 801 408 ue
816 369 930 408 aornar.
944 352 990 408 Cr.
1212 340 1287 413 56⁷

118 517 190 601 ugit
204 519 243 582 de
259 516 316 582 lroc
332 519 507 584 documento
524 518 647 582 llarin
662 519 699 584 T.
711 519 760 596 tv,
775 539 804 604 p.
819 516 878 584 il:
901 538 944 582 an
959 517 1140 584 documento
1154 506 1186 582 e'i
1198 523 1290 584 trooa

118 627 173 692 nel
193 626 306 692 Codice
329 627 516 693 matema
540 628 707 694 enunciata
734 627 1001 712 Confirmatio
1028 625 1151 712 primi
1172 625 1288 692 Pote-

118 735 244 800 atatia
260 735 324 822 Cp.
338 756 414 822 per
433 735 605 801 Venetos.

207 848 242 918 ln
271 849 398 921 nomine
425 848 543 920 domini
571 847 622 920 dei
651 857 686 920 et
712 849 882 921 salvatoris
912 847 1012 920 nostri
1035 845 1135 919 ihesu
1155 845 1285 918 Christi.

117 975 214 1046 Anno
232 975 350 1047 domini
369 975 535 1047 millesimo
555 975 777 1046 ducentesimo
796 975 921 1070 quinto,
944 998 1053 1058 mensa
1072 973 1286 1068 Septembris,

118 1101 169 1172 die
187 1101 332 1174 seeundo
352 1111 507 1184 exeunte,
527 1101 701 1174 indictione
721 1125 815 1173 nona.
846 1099 1099 1171 Cauarumoron.

206 1227 316 1299 [livine
344 1227 465 1322 placuit
492 1230 667 1313 maiestati,
699 1227 784 1325 quod
814 1227 961 1299 dominus
989 1233 1102 1297 noster
1129 1225 1286 1300 ilenrieus

117 1353 296 1436 Dandulus,
314 1355 384 1426 Dur
402 1353 549 1439 Venetia,
569 1360 854 1429 commarcarum
873 1379 909 1424 sa
924 1351 1120 1449 principibus
1134 1375 1173 1424 ac
1186 1353 1286 1425 baro-

117 1481 165 1552 nis
184 1479 330 1565 sociavit,
349 1481 524 1552 exercitum
542 1505 721 1578 preparans
740 1483 919 1578 copiosum,
938 1487 972 1552 et
990 1480 1098 1551 exiens
1119 1504 1137 1552 a
1157 1479 1287 1553 civitate

115 1607 254 1678 Vanacie
269 1605 592 1703 Constantinopolim,
612 1609 909 1681 excellentissimam
928 1607 1052 1680 seilicet
1070 1605 1195 1691 urbam,
1215 1629 1288 1679 cum

117 1733 237 1805 eisdem
262 1733 459 1828 principibus
485 1735 632 1829 aplicuit,
662 1745 694 1808 et
713 1737 856 1830 potentia
875 1734 1081 1829 dispensante
1102 1731 1205 1804 divina
1220 1733 1288 1826 jam

116 1861 236 1932 dietam
260 1861 373 1931 urbem
399 1885 586 1956 expugnans
612 1863 700 1956 cepit
718 1885 788 1933 eam
808 1869 841 1932 et
859 1853 1030 1956 Imperium
1049 1858 1214 1932 Romania.
1243 1861 1287 1932 Et

115 1987 220 2057 diuisit
236 1985 305 2078 jam
324 1986 440 2058 dietam
459 1989 572 2060 urbem
590 1997 625 2062 et
634 1985 663 2082 ¹)
683 1989 836 2060 Romania
855 1987 1022 2082 Imperium
1049 2010 1122 2058 cum
1141 1987 1287 2080 predicta
1412 2033 1418 2062 r

114 2119 214 2206 gente
231 2113 440 2186 Francorum.
466 2115 508 2186 Et
522 2124 635 2212 quarta
654 2139 729 2212 pars
741 2126 774 2187 et
788 2113 913 2186 dimidia
929 2112 1138 2208 ejusdemque
1157 2115 1286 2208 Imperii

114 2240 268 2310 Romania
287 2241 421 2312 venitin
440 2243 577 2336 predicti
596 2243 714 2314 domiui
730 2240 869 2312 Venecie
888 2239 987 2312 Ducis
1006 2239 1100 2334 insi)
1120 2241 1284 2334 portione.

113 2367 284 2438 Proiectus
299 2390 434 2462 namque
449 2367 594 2440 dominus
608 2375 722 2440 noster
736 2365 894 2439 chrieus
907 2365 1084 2450 liminius,
1104 2365 1156 2438 dei
1175 2368 1286 2461 gracia

114 2491 274 2578 venecia,
305 2493 469 2566 Dalmaeie
496 2503 592 2590 atque
621 2494 779 2566 Chroaeia
810 2493 899 2578 Dur,
935 2494 1042 2588 magni
1074 2493 1220 2566 conscilii
1251 2501 1286 2567 et

113 2621 270 2714 potentie,
289 2620 472 2692 dominator
490 2621 594 2692 extitit
612 2645 710 2714 super
724 2619 791 2712 jam
810 2621 926 2692 dictam
945 2627 1089 2715 quartam
1107 2625 1231 2714 partem
1250 2628 1285 2692 et

114 2747 272 2818 dimidiam
298 2746 443 2839 ejusdem
470 2747 613 2842 lmperii,
639 2769 807 2842 quousque
833 2747 918 2817 uixit.
952 2745 1032 2817 Post
1055 2746 1177 2817 obitum
1204 2770 1282 2818 vero

114 2873 283 2945 memorati
319 2873 437 2944 domini
467 2871 607 2947 Veneria
639 2873 738 2945 Ducis
771 2874 909 2966 populus
933 2872 1091 2956 venecia,
1125 2873 1177 2968 qui
1206 2879 1284 2944 tune

113 3000 269 3094 temporis
285 2999 564 3095 Constantinopoli
584 3003 730 3084 aderant,
751 3001 884 3095 eopiosa
899 3022 1035 3094 quorum
1050 3008 1121 3072 arat
1139 2999 1182 3072 ibi
1201 3001 1284 3071 mul·

112 3124 228 3210 titudo,
249 3125 279 3195 in
293 3149 391 3197 unum
405 3129 633 3201 convenientes
652 3129 787 3199 tirmiter
805 3127 1044 3211 ordinaverunt,
1065 3127 1152 3221 quod
1171 3127 1283 3199 exinde

113 3252 145 3320 in
171 3259 284 3333 antea,
312 3275 524 3346 quancunque
548 3257 746 3326 Potestatem
774 3254 823 3324 vel
851 3259 1016 3324 rectorem
1041 3253 1186 3325 dominus
1212 3253 1283 3326 Dux

114 3377 255 3448 Vanesia
283 3401 355 3448 eum
386 3379 534 3450 ordinato
564 3381 720 3452 conscilio
749 3379 1031 3472 Constantinopoli
1064 3381 1206 3453 mitteret
1234 3380 1282 3452 vel

114 3504 290 3586 ordinaret,
309 3505 394 3574 illum
412 3507 611 3578 Potestatem
629 3507 766 3577 haberet
784 3513 818 3578 et
835 3515 1009 3580 rectorem.

202 3631 262 3717 Qui
281 3631 431 3726 populus,
457 3634 659 3706 comunioato
679 3636 902 3706 universorum
923 3635 1091 3720 conscilio,
1111 3635 1282 3706 ordinave-

112 3763 188 3828 runt
213 3765 247 3828 et
271 3757 442 3852 clegerunt
467 3760 629 3832 dominum
654 3759 807 3832 Marinum
827 3762 931 3846 Geno,
958 3762 1140 3857 elegantem
1160 3763 1281 3856 utique,

113 3885 291 3977 sapientem
317 3910 354 3958 ac
381 3886 520 3957 nobilem
540 3889 659 3972 virum,
686 3888 745 3960 sibi
766 3890 964 3960 Potestatem
990 3895 1024 3960 et
1048 3889 1282 3960 dominatorem

113 4035 213 4105 super
240 4019 387 4106 quartam
415 4020 537 4106 partem
568 4023 602 4086 et
629 4015 788 4087 dimidiam
813 4015 1021 4110 ejusdemque
1040 4015 1116 4087 dicti
1141 4016 1279 4108 Imperii.

112 4141 185 4228 Quo
210 4140 412 4232 principante
436 4149 646 4214 accesserunt
668 4143 707 4214 ad
728 4168 798 4214 eum
827 4143 951 4214 nobiles
971 4149 1004 4213 et
1022 4145 1183 4236 sapientes
1210 4143 1280 4226 viri,

111 4266 253 4361 delegati
271 4289 289 4338 a
308 4266 437 4338 domino
457 4268 606 4341 Rainario
626 4271 790 4354 Dandulo,
811 4270 876 4342 lilio
901 4270 1112 4363 suprascripti
1135 4269 1280 4342 defuncti

110 4395 228 4477 Ducis,
259 4395 361 4466 vicem
388 4395 489 4486 patris
520 4405 675 4490 gerente,
708 4398 834 4470 seilicet
865 4397 1027 4493 Rogerius
1051 4397 1278 4476 Mauroceuus,
1378 4483 1385 4504 ἢ
1489 4381 1491 4388 ’

136 4549 162 4620 ¹)
181 4557 208 4604 et
226 4548 384 4613 antiniana
403 4551 515 4606 urbem
533 4550 617 4604 Rom.
637 4551 713 4624 lmp.
732 4567 792 4604 mss.
