3110 5076
292 333 368 406 220
578 345 810 405 Gaassmmoaon
827 351 1000 406 Vrnrroaovr
1015 368 1191 408 concnoson.

380 517 569 589 Leonardns
588 520 760 591 Valaresso
781 523 995 594 commodavit
1023 575 1226 596 ......

383 697 544 718 ......
565 651 667 720 sancti
686 649 841 744 Stephani
861 652 1075 723 commodavit
1093 675 1251 746 perperos
1267 647 1461 742 vigintiduo,
1552 671 1554 684 ·

293 773 345 865 qui
365 781 440 844 sunt
459 775 500 846 de
519 774 612 846 Vitali
632 777 716 848 dello
735 780 892 850 Bocasso.

381 901 496 972 Petrus
515 903 724 976 Lauredanns
749 906 964 978 commodavit
988 929 1148 1002 perperos
1173 905 1384 998 sebtnaginta
1402 903 1462 985 vn,

292 1028 396 1097 minus
416 1027 446 1098 ir.
468 1028 565 1100 Vllll.

379 1157 531 1248 Pangrati
549 1157 673 1230 Bembo
693 1161 910 1232 commodavit
927 1183 1087 1256 perperos
1105 1162 1218 1254 viginti
1238 1161 1316 1232 dno.

380 1283 507 1354 Marcus
541 1285 708 1357 Burilosso
725 1287 793 1380 (i)
821 1341 830 1358 .
864 1342 872 1359 .
903 1342 911 1360 .
946 1289 1086 1360 confinio
1125 1291 1228 1360 sancti
1265 1286 1465 1360 Pantaleonis

260 1503 262 1508 Ι
292 1408 507 1480 commodavit
525 1423 685 1504 perperos
703 1419 784 1483 tres.

380 1536 566 1608 Dominicns
592 1540 735 1611 Janasini
762 1539 803 1610 de
829 1539 970 1613 confinio
999 1565 1024 1611 s.
1052 1541 1228 1634 Margarite
1255 1538 1467 1611 commodavit

291 1687 450 1758 perperos
471 1667 595 1739 decem.

381 1793 508 1864 Marcus
526 1795 684 1889 Gyllelmo
703 1797 919 1868 commodavit
936 1819 1096 1892 perperos
1116 1797 1238 1892 viginti.
1349 1855 1353 1875 .

381 1921 522 1992 Pascalis
534 1921 697 1994 Acotanto
713 1925 755 1995 de
768 1926 908 1997 confinio
921 1949 949 1996 s.
966 1926 1142 2019 Margarite
1161 1923 1377 1996 commodarit
1394 1945 1467 2018 per·

292 2071 391 2140 peros
411 2049 534 2143 viginti.

381 2176 526 2271 Angelus
549 2179 740 2251 Simitccnlo
767 2181 807 2252 de
831 2181 1054 2275 suprascripto
1085 2179 1224 2252 confinio
1254 2177 1468 2250 commodavit

293 2327 450 2398 perperos
470 2305 606 2376 sebtem.

381 2430 533 2538 anianns
566 2432 721 2505 Barastro
756 2433 797 2505 de
832 2435 972 2506 continio
1000 2459 1028 2505 s.
1057 2433 1228 2528 Raphaelis
1257 2431 1469 2504 commodavit
1552 2471 1554 2506 r

291 2581 450 2652 perperos
470 2559 661 2652 quindecim.

379 2685 528 2755 Zanardo
548 2689 765 2760 commodavit
783 2711 942 2784 perperos
962 2688 1154 2783 quindecim.

380 2813 496 2884 Petras
513 2813 626 2886 Mauro
646 2815 687 2886 de
704 2816 821 2888 eodem
846 2818 986 2888 confinio
1013 2841 1041 2886 s.
1062 2815 1235 2911 Margarita
1254 2815 1469 2886 commodavit

290 2957 448 3034 perperos
467 2940 579 3035 viginti
599 2950 749 3036 quatuor.

381 3067 509 3140 Marcus
528 3067 686 3142 Thonisto
713 3071 754 3142 de
778 3073 918 3143 continio
945 3095 972 3142 s.
993 3071 1126 3144 Thomae
1153 3069 1370 3143 commodavit
1394 3092 1471 3166 per-

294 3217 394 3287 peros
413 3195 637 3291 qnadraginta.

382 3321 535 3394 Martinus
567 3324 706 3396 Oinrano
740 3325 780 3396 de
819 3325 1040 3420 suprascripto
1073 3325 1213 3396 confinio
1241 3349 1269 3394 s.
1297 3323 1472 3418 Margarite

293 3469 453 3544 perperos
473 3449 586 3521 decem
604 3459 638 3523 et
656 3453 792 3522 sebtem.

381 3575 522 3648 Marinus
537 3617 539 3624 ι
553 3579 750 3650 Jastinianns
791 3579 1006 3650 commodavit
1041 3599 1201 3673 perperos
1240 3578 1472 3671 quinquaginta

295 3709 443 3797 quatuor,
463 3701 496 3773 ir.
517 3705 774 3797 quatuordecim.

382 3829 529 3924 Angelus
548 3829 663 3902 Nicola
682 3831 897 3903 commodarit
914 3855 1075 3927 perperos
1096 3841 1185 3905 octo.

383 3955 548 4052 Philippus
566 3959 767 4030 Justiniamrs
790 3959 831 4030 de
858 3959 974 4031 eodem
997 3962 1137 4032 confinio
1157 3959 1375 4034 commodavit
1393 3985 1471 4057 per·

291 4107 390 4178 peros
408 4086 552 4179 triginta.

380 4211 495 4311 Petrus
523 4212 632 4284 Barbo
668 4211 709 4283 de
743 4213 859 4284 eodem
891 4215 1032 4286 confinio
1064 4215 1280 4318 commodavit
1311 4238 1472 4311 perperos

292 4338 404 4432 viginti
427 4362 553 4411 novem.

383 4465 486 4536 Ursus
510 4465 693 4538 Badouario
719 4466 760 4537 de
789 4469 928 4540 continio
957 4471 1061 4541 sancti
1088 4469 1243 4564 Stephani
1271 4473 1474 4544 confessoris

151 4689 153 4694 ι
292 4593 508 4666 commodavit
525 4617 684 4689 perperos
702 4596 849 4692 triginta.
