3120 5078
286 334 363 405 300
568 343 661 398 liseur
676 343 838 397 Brusrarrru
852 359 905 396 ren
918 341 1050 398 Fnarscos
1064 359 1195 398 srsnsro.

284 514 439 584 hortatur
465 512 508 584 ad
534 535 696 607 pugnarn,
725 536 899 596 assereus,
928 511 1016 605 quod
1041 511 1188 586 Venetos
1216 520 1251 584 et
1273 514 1425 586 Francos
1450 512 1484 584 in

284 645 451 734 potestate
478 663 538 711 sua
566 641 686 712 babeat
706 641 801 732 juxta
830 663 998 712 murorum
1030 641 1150 733 cepitis
1182 639 1372 712 conclusos.
1412 638 1484 710 Sed

285 765 417 858 quidem
445 767 487 838 de
514 773 615 838 nocte
643 767 775 838 Alexius
804 767 886 838 clam
915 767 1089 860 aufugiens
1113 766 1171 836 dat
1197 773 1294 859 terga
1318 766 1482 838 deuictus

285 893 360 979 Quo
381 899 574 985 comperto,
602 892 805 965 Graecorum
830 893 924 986 plebs
950 895 1090 966 attonita
1117 892 1157 962 de
1183 899 1250 964 taur
1274 893 1385 964 subita
1403 867 1484 986 fuga

287 1019 390 1092 Alerii
410 1025 443 1090 et
462 1019 503 1090 de
522 1019 726 1092 institutione
745 1021 819 1092 novi
839 1020 1051 1112 Imperatoris
1065 1019 1328 1092 confabulantur.
1348 1019 1395 1090 Et
1408 1019 1484 1090 dum

286 1145 389 1218 altera
409 1145 463 1216 die
483 1146 624 1216 innotuit
643 1147 723 1240 luga
741 1169 801 1218 seu
815 1169 969 1218 recessus
989 1145 1102 1231 illarii,
1122 1147 1227 1218 nostri
1243 1147 1282 1218 ad
1299 1169 1390 1218 arma
1403 1169 1485 1240 pro·

287 1271 408 1353 siliunt,
423 1277 562 1364 etterga
572 1271 724 1344 dantibus
733 1274 885 1357 Graecis,
896 1274 1077 1344 fortissima
1091 1279 1126 1344 et
1136 1275 1349 1346 munitissima
1363 1273 1485 1367 palatia

286 1398 423 1470 Francis
448 1397 687 1491 relinquuntur,
712 1406 849 1495 totaque
876 1401 907 1471 in
933 1407 1098 1474 momento
1118 1401 1231 1472 civitas
1250 1425 1270 1470 a
1290 1400 1431 1472 Francis
1450 1406 1487 1470 et
1555 1481 1556 1484 Ἴ

287 1525 421 1596 Venetis
440 1523 619 1596 obtinetur.
649 1525 692 1596 Et
711 1528 872 1611 omnium,
893 1551 965 1621 quae
984 1529 1071 1600 inter
1090 1527 1218 1598 diritius
1237 1526 1278 1600 ab
1297 1526 1484 1598 homiuibus

286 1657 530 1743 computantur,
549 1656 616 1720 tam
635 1652 875 1724 inaestimabilis
891 1653 1086 1726 abundantia
1101 1655 1277 1749 reperitur,
1298 1659 1337 1726 ut
1354 1659 1482 1724 tautum

285 1783 356 1848 tota
376 1799 443 1848 non
462 1777 628 1850 videretur
647 1779 821 1866 possidere
841 1781 1010 1852 Latinitas.

358 1903 526 1976 Ordinatio
540 1927 623 1998 ergo
638 1905 826 2000 diligenter,
847 1930 930 2000 quae
949 1907 1154 2000 disponenda
1173 1915 1280 1990 erant,
1301 1915 1339 1979 ut
1356 1929 1482 2001 posce-

286 2030 343 2102 bat
360 2053 471 2102 rerum
490 2038 637 2113 euentus,
657 2034 761 2104 nostri
781 2033 822 2104 ad
843 2033 1038 2106 electionem
1057 2035 1268 2129 lmperatoris
1286 2034 1483 2106 unanimiter

287 2166 322 2230 et
345 2157 466 2230 deuote
493 2159 689 2250 procedunt.
720 2159 764 2231 [lt
789 2159 875 2232 omni
899 2160 1075 2234 ambitione
1100 2161 1249 2243 seclusa,
1275 2159 1482 2232 venerabiles

286 2285 463 2378 episcopos
496 2285 797 2370 suessionensem,
823 2289 1042 2372 Trecensem,
1071 2287 1342 2360 llalusdstensem
1372 2285 1482 2356 dorni-

286 2433 427 2502 numque
446 2411 751 2496 Bethleemitanum,
772 2413 825 2505 qui
840 2437 860 2484 a
875 2415 1022 2507 partibus
1041 2415 1267 2486 transmarinis
1281 2414 1482 2485 auctoritate

286 2537 468 2631 apostolica
488 2538 529 2608 ibi
549 2539 657 2610 luerat
671 2539 856 2634 delegatus,
877 2542 1086 2612 Acouensem
1105 2541 1246 2614 electum
1260 2540 1481 2631 abbatemque

286 2663 443 2748 Lueedii,
472 2665 683 2759 Imperatoris
711 2667 772 2736 sub
802 2667 940 2740 [lumino
970 2669 1175 2740 constituunt
1201 2666 1379 2738 electores.
1416 2666 1482 2752 Qui

286 2791 438 2863 oratione
452 2791 643 2884 praemissa,
663 2797 700 2862 ut
714 2791 836 2878 decuit,
856 2793 1060 2875 balduinum,
1081 2794 1243 2866 Comitem
1257 2793 1432 2864 Flandriae
1448 2799 1483 2863 et

286 2918 493 2999 Hemoniae,
520 2917 646 3011 eligunt
665 2919 859 2991 unanimiter
877 2927 912 2992 et
930 2920 1133 2992 solemniter.
1162 2921 1272 3015 Atque
1290 2920 1331 2992 ad
1350 2919 1483 3013 Imperii

287 3045 418 3138 fastigia
436 3043 585 3138 gloriose
605 3053 800 3118 coronatum
824 3049 994 3118 memorati
1019 3047 1191 3142 pontifices
1209 3069 1284 3118 eum
1303 3047 1483 3116 uniuerso-

286 3193 359 3242 rum
378 3170 537 3264 applausu
558 3179 593 3242 et
612 3173 673 3264 piis
690 3171 833 3244 lacrimis
853 3173 1079 3256 sublimarunt,
1099 3195 1184 3244 anno
1204 3173 1333 3244 Domini
1351 3171 1483 3256 blOGll,

288 3296 458 3389 (dcclv)
479 3297 735 3392 dominicapost
753 3299 869 3380 Pasce,
888 3323 950 3393 qua
970 3305 1140 3372 canatur:
1167 3297 1321 3372 dubilote
1338 3323 1427 3370 em.

379 3422 467 3496 Uror
494 3447 576 3498 uero
603 3427 676 3518 ejus
702 3425 815 3510 llaria,
843 3426 941 3498 elaris
966 3432 1040 3499 orta
1066 3425 1239 3509 natalibus,
1263 3427 1365 3496 virum
1386 3449 1482 3496 snum

288 3557 340 3620 est
354 3551 519 3622 insecuta:
539 3557 619 3645 post
636 3553 801 3622 taediosas
820 3559 983 3624 terrarum
1003 3553 1179 3626 methodos
1199 3559 1233 3624 et
1251 3553 1349 3624 maris
1369 3555 1483 3624 anfra-

287 3682 362 3748 ctus
377 3683 563 3759 attractus,
581 3677 736 3750 Acheron
751 3679 917 3773 applicuit,
937 3679 1046 3773 ibique
1066 3679 1188 3752 diutius
1208 3685 1243 3751 et
1261 3679 1358 3750 uariis
1374 3666 1480 3752 mace·

287 3808 358 3874 rata
383 3802 664 3896 aegritudinibus,
690 3804 836 3876 ultimum
858 3804 1002 3878 reddidit
1025 3807 1184 3901 spiritum.
1215 3807 1284 3878 Sed
1303 3813 1480 3899 antequam

288 3929 329 3999 de
344 3929 502 4002 Flandriis
516 3937 686 4025 pergeret,
705 3931 801 4003 liliam
817 3955 908 4004 suam
920 3933 1172 4026 primogenitam
1185 3933 1382 4016 lobannam,
1399 3955 1482 4026 quae

288 4054 403 4125 nubilis
433 4061 521 4140 erat,
551 4059 713 4128 commisit
741 4057 900 4152 Philippo,
927 4060 999 4153 regi
1029 4059 1205 4142 Francius,
1232 4059 1340 4130 donec
1369 4061 1480 4130 matri·

288 4181 397 4254 monio
427 4183 647 4275 copularetur.
683 4185 852 4256 lohannes
878 4207 957 4256 vero
986 4209 1043 4256 rex
1065 4184 1208 4278 Angliae
1234 4191 1309 4278 post
1337 4186 1481 4256 infinitas

287 4331 459 4402 expensas,
478 4309 508 4380 in
524 4310 666 4383 castellis
684 4311 815 4384 tuendis
834 4318 869 4382 et
887 4312 1118 4386 munitionibus
1137 4311 1305 4405 erigendis
1324 4336 1388 4406 per
1406 4313 1481 4384 lon-

286 4457 364 4528 gum
375 4443 503 4528 tempus
518 4437 635 4520 laetas,
647 4440 909 4530 pusillanimitate
920 4439 1091 4511 conlectus
1106 4441 1224 4532 magis,
1238 4461 1335 4534 quam
1345 4439 1481 4512 deiectu

287 4561 459 4653 pecuniae,
473 4561 574 4656 fugae
589 4566 800 4657 opprobrium
814 4566 875 4639 vile
890 4565 1051 4660 pendens,
1071 4567 1283 4650 Normannia,
1303 4567 1480 4659 Aquitania
