3130 5082
287 349 362 420 124
418 359 561 415 Fonnnnrs
575 359 715 415 Annxrnru
730 377 783 415 nnn
796 362 982 417 Ennnonnnns
996 362 1161 417 Corrrcnunnr
1175 377 1348 417 annornm.

375 529 456 616 Quia
475 554 575 615 uero,
595 533 679 602 sicut
697 531 833 602 relatum
854 539 906 602 est
925 534 1064 628 Imperio
1084 559 1156 605 meo
1177 559 1195 606 a
1214 533 1425 627 presentibus
1444 535 1475 603 in

283 655 481 751 Megalopoli
501 659 607 729 missis
627 659 870 743 Veneticorum,
896 662 1063 732 consecuti
1084 662 1212 756 quidem
1232 663 1314 732 sunt
1327 661 1476 732 Venetici

282 791 471 876 preceptum
497 785 705 880 Imperatoris
729 787 897 858 laudabilis
924 787 1044 858 domini
1069 795 1104 858 et
1129 791 1230 883 patris
1259 791 1387 882 lmperii
1414 790 1476 858 mei

283 909 462 994 licenciam,
474 912 587 982 —his
599 913 726 984 donans
738 913 945 1006 improhibite
961 915 1055 985 etiam
1075 939 1135 1010 per
1153 916 1274 988 insulas
1295 918 1430 1011 Cypron
1445 925 1479 987 et

285 1036 403 1108 Creten
432 1041 599 1130 negociari
627 1047 660 1110 et
685 1041 756 1110 sine
781 1043 949 1112 consortio
967 1065 1025 1112 eos
1044 1043 1098 1112 ubi
1121 1037 1321 1137 terrarum¹)
1342 1043 1474 1137 lmperij

284 1163 347 1232 mei
367 1188 428 1257 pro
448 1165 524 1258 hijs,
545 1189 608 1258 que
627 1166 669 1236 ad
688 1166 870 1238 huiusmodi
891 1169 1012 1238 insulas
1031 1169 1238 1262 negociandc
1258 1169 1394 1242 suntab
1416 1171 1477 1250 eis,

285 1292 479 1363 omnimodis
504 1295 690 1388 speciebus,
708 1335 758 1346 -
778 1318 843 1364 non
864 1296 1004 1388 contigit
1022 1303 1142 1379 autem,
1162 1299 1270 1389 quein
1289 1296 1479 1368 huiusmodi

283 1426 441 1512 precepto
466 1403 793 1514 conprehenduntur,
825 1423 976 1492 effectum
1000 1424 1167 1516 recipere,
1197 1448 1236 1494 ac
1254 1432 1394 1518 propter
1412 1425 1480 1494 boc

284 1567 389 1635 usque
409 1568 493 1615 nunc
511 1570 571 1641 per
589 1546 773 1617 huiusmodi
797 1555 987 1641 preceptum
1007 1549 1124 1619 donata
1145 1550 1204 1619 sibi
1224 1549 1381 1632 filotimia,
1402 1551 1424 1619 i.
1447 1573 1478 1621 e.

286 1671 463 1742 donatione
482 1674 652 1766 priuantur
672 1675 725 1744 uel
744 1681 869 1756 carent,
890 1675 1037 1745 Venetici
1057 1677 1245 1768 petiuerunt
1264 1701 1345 1746 uero
1367 1680 1479 1770 lmpe-

284 1797 367 1866 rium
391 1821 497 1869 meum
522 1801 697 1870 lilotimism
724 1801 850 1892 quidem
876 1801 976 1882 hanc,
1003 1804 1117 1896 quein
1138 1803 1288 1896 predicto
1315 1809 1480 1896 precepto

284 1923 390 1994 lemur
416 1925 584 1996 laudabilis
612 1927 822 2020 Imperatoris
849 1927 969 1996 domini
998 1934 1032 1998 et
1056 1929 1158 2021 patris
1185 1929 1313 2023 lmpen'j
1335 1930 1418 2011 mei,
1448 1930 1480 1997 in

287 2073 369 2143 opus
394 2074 475 2121 uero
496 2052 658 2123 veneticis
677 2075 742 2122 non
763 2055 914 2146 prouenit
933 2053 973 2124 ab
993 2055 1131 2148 lmperio
1150 2077 1224 2124 meo
1244 2055 1381 2148 precipi,
1402 2055 1481 2124 elli·

287 2179 403 2247 catiam
423 2178 463 2247 ab
482 2177 546 2248 boc
564 2201 650 2250 nunc
670 2181 817 2250 auferre:
844 2181 1015 2274 imperium
1035 2182 1097 2250 mei
1116 2188 1256 2274 propter
1273 2205 1362 2264 eam,
1383 2203 1481 2274 quarn

286 2305 326 2374 ad
347 2307 450 2397 ipsum
465 2313 498 2377 et
510 2307 700 2377 Romaniam
714 2313 906 2390 monstrant,
921 2331 1034 2378 uerum
1049 2309 1144 2378 etiam
1160 2308 1278 2378 dehinc
1292 2315 1481 2377 monstrare

285 2433 490 2522 promittunt,
511 2433 605 2502 fidem
626 2437 724 2524 atque
743 2433 924 2514 seruitium,
944 2432 1128 2504 huiusmodi
1149 2435 1294 2526 ipsorum
1313 2435 1482 2526 peticione

287 2563 441 2650 suscepta
460 2558 530 2628 uult
548 2582 587 2628 ac
606 2560 733 2642 delinit,
764 2581 822 2628 eos
844 2565 877 2629 et
899 2583 960 2652 per
987 2559 1126 2640 insudas,
1157 2559 1301 2654 Cyprum
1325 2560 1483 2630 uidelicet

287 2684 484 2776 Cretenque,
505 2685 686 2777 negociari,
705 2709 767 2755 nec
785 2685 826 2755 ab
841 2685 947 2777 aliquo
964 2685 1121 2779 quidlibet
1134 2687 1220 2779 exigi
1234 2687 1351 2756 borum
1367 2711 1481 2769 causa,

287 2805 665 2902 sedakomerlrieutiis²)
683 2832 741 2880 eos
759 2812 949 2880 conseruari
964 2811 1084 2904 ubique
1093 2818 1254 2883 terrarum
1267 2812 1398 2906 lmperij
1418 2811 1482 2884 mei

287 2935 465 3023 secundum
480 2937 630 3029 superius
642 2942 800 3006 tractatos
816 2937 1053 3020 distinctiones,
1065 2943 1099 3007 et
1112 2946 1149 3008 ut
1162 2938 1304 3008 habeant
1317 2939 1362 3031 bij
1378 2963 1481 3010 secu-

287 3062 415 3130 ritatem
435 3063 466 3132 in
486 3062 554 3143 his,
582 3086 645 3154 que
664 3086 724 3155 per
742 3069 928 3155 presentem
945 3062 1178 3155 chrysobolion
1198 3087 1385 3134 sermonem
1405 3065 1482 3136 diti·

287 3187 354 3257 nita
373 3193 460 3257 sunt.

377 3314 518 3383 Presens
533 3315 700 3406 expositus
719 3321 772 3383 est
790 3313 1029 3406 chrysobullius
1049 3337 1170 3399 sermo,
1189 3315 1297 3386 lactus
1310 3337 1373 3408 per
1386 3339 1482 3386 men-

286 3461 356 3508 sem
367 3439 557 3525 Cctubrem,
569 3439 758 3510 lndictionis
768 3440 950 3522 undecime,
962 3441 1036 3510 anni
1052 3442 1157 3511 sexies
1171 3441 1330 3512 millesimi
1340 3465 1482 3514 sexcen-

287 3565 393 3659 tesimi
421 3567 696 3659 quinquagessimi
721 3567 816 3636 sexti.
851 3570 886 3638 ln
907 3590 972 3658 quo
992 3573 1026 3636 et
1046 3572 1193 3637 nostrum
1217 3569 1303 3662 pium
1323 3576 1359 3639 et
1377 3593 1396 3640 a
1417 3571 1481 3640 deo

288 3699 473 3785 promotum
492 3693 698 3786 subsignauit
718 3695 900 3787 Imperium.

313 4008 341 4080 ¹)
361 4011 488 4080 expectas
501 4011 558 4064 hee
571 4011 640 4062 lere:
661 4013 688 4064 et
700 4010 757 4062 sins
771 4009 975 4064 commerkio
989 4027 1036 4064 eos
1049 4011 1173 4082 ntique
1184 4015 1323 4066 terrarum.

314 4095 342 4169 ²)
362 4098 426 4152 alins
439 4116 508 4152 com
517 4099 719 4153 meroiariis.
738 4099 832 4152 Forma
845 4099 951 4162 novitia,
964 4116 978 4154 a
992 4101 1218 4173 κομμερκεύεσᾶαι
1232 4101 1322 4156 ducta.
