3120 5078
284 361 362 435 286
562 373 656 428 neom
669 373 829 427 Braunnrnr
844 387 896 426 rso
909 371 1038 426 Francos
1051 387 1178 426 cvnasm.

372 546 422 618 Nc
437 552 543 616 aulem
557 567 655 616 causa
671 543 721 614 illa
735 549 862 616 mancat
875 543 994 614 diutius
1012 542 1166 625 indecisa,
1186 563 1257 611 eam
1275 539 1462 633 legatorum
1512 593 1515 596 .

283 681 470 746 nostrorum
485 673 618 745 examini
631 695 849 754 reseruamus‚
869 669 998 742 eumad
1016 677 1127 765 parles
1146 670 1214 740 illas
1234 669 1461 764 peruenerint‚

283 804 457 875 concordia
476 803 527 873 uel
547 801 657 874 iuditio
680 800 923 872 terminandam.
956 797 1081 886 Quodsi
1100 798 1193 870 ambo
1211 797 1273 867 hiis
1293 819 1463 891 exequen-

284 931 332 1000 dis
374 930 583 1024 nequiueritis
622 930 802 1012 iuteresse,
850 927 933 998 alter
970 932 1115 998 nestrum
1158 949 1197 996 ea
1234 925 1464 997 nichilominus

285 1081 343 1130 ere
367 1065 472 1130 uatur.

337 1083 420 1257 Xata
438 1185 576 1254 bassanu
596 1183 690 1254 nonis
708 1181 838 1277 Aprilis,
857 1182 1064 1276 pontificatus
1082 1181 1186 1250 nostri
1206 1203 1295 1252 annu
1310 1181 1429 1252 tercio.

765 1419 956 1492 LXXXVIII.

289 1565 411 1630 llllitrn
442 1582 527 1630 cruce
560 1565 739 1645 slgnatsrmr
770 1563 918 1646 expeditis
946 1567 1069 1644 quarta,
1102 1562 1165 1626 slus
1197 1561 1280 1641 regul
1312 1561 1468 1643 'practici

704 1691 757 1756 per
776 1673 902 1736 cruos
926 1672 1050 1736 ercrsls.

745 1813 777 1869 n.
786 1814 812 1869 d.
823 1815 1008 1870 1201-1204.

376 1963 534 2051 Expeditio
550 1963 673 2028 mllitum
690 1964 991 2046 crucesignatorum,
1014 1983 1100 2049 quam
1116 1967 1247 2049 quartam
1265 1961 1379 2034 dicunt,
1403 1963 1470 2044 pri-

288 2076 355 2140 dem
372 2077 554 2160 praeparata,
570 2073 705 2146 tandem.
728 2071 838 2138 omissi
854 2077 956 2138 contra
973 2071 1060 2137 fidem
1076 2077 1156 2137 terra
1173 2075 1293 2139 sancta.
1309 2073 1339 2136 iu
1356 2069 1470 2134 bellum

287 2184 443 2250 adversum
469 2181 628 2266 Imperium
654 2181 847 2266 Byzantinum
874 2183 1001 2266 ejusque
1028 2182 1214 2245 aversionem
1242 2179 1369 2254 abiisse,
1403 2199 1470 2242 rem

288 2292 422 2358 omnibus
435 2297 532 2356 numm
546 2289 616 2354 esse
628 2289 813 2356 confidimus.
826 2291 857 2354 In
869 2290 1053 2355 commodum
1065 2289 1219 2363 lectorum.
1232 2291 1320 2354 immo
1334 2293 1472 2354 nostrum

169 2477 171 2480 ¹
287 2421 414 2488 quoque,
440 2421 477 2466 ne
499 2401 677 2484 scriptorum
701 2419 866 2466 caurorum
883 2399 974 2464 rerba
989 2420 1052 2462 rem
1068 2399 1245 2464 illustrantia
1258 2398 1340 2482 justo
1356 2400 1473 2483 saepius

288 2510 445 2596 repetendi
461 2511 625 2574 necessitas
641 2530 675 2574 uc
692 2509 811 2574 taedium
827 2508 911 2574 nobis
928 2509 1103 2592 imponatur,
1121 2508 1235 2592 potiora
1250 2507 1367 2572 illorum
1383 2511 1475 2572 testi-

288 2619 383 2683 monia
405 2619 588 2683 fundamenti
612 2617 707 2699 gratia
728 2617 786 2681 lios
802 2619 925 2681 maxime
940 2617 1007 2681 loco
1030 2617 1250 2702 promittimus,
1275 2617 1473 2700 diplomatum

288 2729 475 2813 sequentium
492 2729 586 2801 initio.
604 2725 654 2791 ubi
667 2747 741 2812 opus
754 2728 820 2799 erit.
836 2727 981 2792 lectorem
995 2727 1032 2790 ad
1049 2727 1122 2792 istas
1135 2731 1270 2792 veterum
1281 2727 1473 2792 narrationes

288 2837 451 2902 remissuri.

378 2945 514 3012 Exclusis
532 2946 588 3010 boc
603 2943 669 3010 Ioco
687 2945 861 3011 Graecorum
877 2945 1086 3030 scriptoribus,
1108 2945 1216 3030 quibus
1231 2951 1330 3010 tamen
1345 2946 1475 3012 uberior

291 3054 362 3120 belli
378 3055 457 3118 illius
474 3055 537 3118 sire
560 3053 679 3138 Imperii
700 3053 990 3139 Franco-Byzantiui
1011 3056 1154 3138 expositio
1181 3055 1384 3140 supersedere
1412 3076 1474 3119 non

291 3165 409 3248 poterit,
425 3163 454 3226 in
472 3163 708 3248 chronographis
725 3161 901 3248 quibusdam
919 3163 1166 3237 occidentalibus.
1182 3184 1248 3228 uum
1264 3163 1393 3242 Latinis,
1410 3169 1474 3228 tum

290 3271 557 3348 Franco-Gallicis,
575 3271 822 3356 acquiescendum
838 3292 907 3336 esse
922 3275 1067 3356 putamus.

381 3383 423 3445 Ex
438 3381 555 3445 illorum
572 3401 705 3455 numero,
729 3381 911 3454 Latinorum.
935 3385 1044 3446 utimur
1068 3381 1143 3446 locis
1167 3382 1341 3466 quibusdum
1365 3383 1473 3446 Marini

290 3494 396 3558 Sanuti
412 3491 543 3556 Torsclli
560 3496 647 3576 atquc
662 3491 786 3554 Andreae
803 3491 941 3561 Danduli,
964 3493 1025 3575 qui,
1048 3510 1214 3576 quanquam
1229 3493 1349 3574 integro
1366 3491 1473 3556 seculo

291 3607 359 3688 post
382 3601 460 3664 illam
482 3600 700 3685 expeditionem
722 3599 906 3672 scribentes.
928 3605 1024 3664 lamen
1048 3620 1147 3666 veram
1170 3598 1354 3685 vividumque
1371 3619 1474 3664 rerum

292 3715 443 3796 gestarum
459 3710 616 3792 imaginem
632 3709 769 3792 praebere
785 3709 933 3775 ridentur.
955 3709 1028 3773 Post
1042 3709 1098 3773 Iros
1116 3729 1186 3772 rcro
1203 3709 1369 3793 scriptores
1385 3729 1475 3793 rcpe·

291 3819 396 3884 tendas
408 3819 575 3884 curarimus
592 3817 735 3902 epistolas
752 3819 949 3902 antIquiorum
964 3818 1024 3882 illis
1040 3821 1181 3890 virorum,
1197 3810 1333 3884 Balduini
1347 3817 1476 3884 Flandri

292 3935 322 3992 ct
338 3930 470 4014 lingonis
488 3927 610 3994 Comitis
627 3927 660 3990 S.
677 3928 770 3992 Pauli.
795 3927 881 4010 Quod
902 3928 940 3992 ad
962 3927 1205 4012 chronographos
1227 3925 1328 3990 itidem
1353 3947 1475 3994 suasos

292 4037 578 4104 Franco-Gallorum
600 4037 719 4109 attinet,
742 4039 946 4120 excerpsimus
969 4037 1101 4122 quaedam
1124 4057 1160 4100 ex
1185 4035 1287 4102 libello
1305 4035 1476 4102 Godolredi

292 4148 329 4217 de
352 4147 428 4214 Villa
452 4145 613 4240 ¹Harduini;
640 4146 712 4210 item
739 4167 775 4210 cn
802 4145 908 4212 codice
935 4147 1050 4212 Gallico
1078 4145 1137 4224 52,
1164 4148 1256 4230 regia
1280 4144 1474 4211 bibliothece

292 4255 494 4328 Monacensis,
509 4253 655 4337 insignem
673 4254 880 4320 chronicorum
897 4259 1011 4340 partem
1027 4255 1174 4321 noluimus
1191 4255 1347 4321 occultari.
1371 4256 1474 4341 Repe·

293 4373 382 4435 timus
395 4385 511 4450 quoque
523 4364 701 4448 Fragmenta
715 4364 765 4430 illa
778 4365 987 4430 annalistarum
999 4366 1221 4440 Francicorum.
1235 4388 1301 4452 qum
1310 4369 1339 4432 b.
1348 4367 1475 4431 bucho-

295 4501 365 4552 nus,
388 4483 434 4544 vir
457 4479 495 4543 de
517 4477 564 4540 his
585 4476 680 4541 literis
701 4477 835 4562 inprimis
854 4479 991 4551 meritus,
1016 4476 1129 4563 publici
1149 4479 1225 4560 juris
1243 4479 1316 4543 iecit
1330 4477 1361 4541 in
1377 4476 1475 4542 libro:

296 4585 488 4654 Becherehes
515 4585 694 4671 historiques
720 4607 772 4650 sur
793 4584 821 4650 Ia
842 4586 1029 4673 principautd
1054 4571 1201 4670 franqaise
1225 4585 1263 4651 de
1284 4587 1400 4652 biore'e.
1431 4587 1476 4654 Eu
