3130 5082
247 363 320 436 140
567 377 686 432 urruns
699 378 859 432 discursura
873 377 961 432 Ducis
975 393 1110 432 nonnrro.

798 655 880 727 LlX.

241 795 367 860 horatio
388 797 469 862 taeta
491 798 637 862 eeclesiae
662 797 691 862 S.
710 798 798 862 derat
822 797 1010 862 tenedum
1036 797 1165 861 atltall
1190 795 1335 861 Xtohaele
1356 797 1440 860 haee

539 909 576 971 de
592 907 676 971 henls
693 907 867 988 qulhusden
883 907 914 968 ln
930 906 1005 987 l'yre
1021 907 1138 988 peeltts.

666 1063 698 1120 Α.
711 1065 737 1121 d.
751 1065 877 1127 116111.
891 1065 1013 1135 Augusti.

332 1212 556 1296 Xutographum
589 1215 669 1276 extat
705 1212 736 1275 in
768 1211 875 1275 codice
906 1211 1012 1274 Latino
1051 1209 1243 1276 bibliothecae
1275 1211 1310 1274 S.
1341 1210 1439 1274 hlarci

243 1323 333 1387 class.
346 1321 420 1394 XlV,
440 1321 506 1386 cod.
521 1319 622 1394 LXXl,
639 1340 704 1384 nro.
718 1321 752 1385 V.
779 1319 850 1384 Eius
867 1321 952 1404 copia
970 1319 1080 1384 ibidem
1099 1341 1162 1384 nro.
1179 1319 1227 1382 Vl.
1244 1319 1308 1383 Alia
1326 1341 1440 1383 recen·
1563 1391 1564 1394 Ἴ

242 1433 302 1495 tior
323 1431 353 1492 in
376 1430 481 1494 codice
506 1413 614 1494 Latino
639 1429 672 1492 S.
689 1429 785 1492 Marci
807 1428 940 1504 XXXIX,
965 1427 1017 1492 fol.
1034 1427 1084 1492 lX.
1110 1432 1239 1509 htergo
1256 1427 1440 1512 autographi
1555 1431 1564 1492 f

242 1539 370 1622 legitur:
390 1539 606 1606 concessionis
622 1545 715 1606 corta
730 1539 772 1604 de
786 1560 868 1626 rupo
880 1539 921 1602 de
935 1539 1030 1623 Tyro,
1046 1541 1087 1604 dc
1102 1539 1213 1603 Doro
1231 1587 1238 1602 .
1254 1585 1261 1600 .
1277 1585 1284 1600 .
1303 1536 1440 1623 (reliqua
1563 1543 1564 1606 Ϊ

243 1648 306 1730 legi
329 1669 387 1713 non
410 1644 580 1732 poterant).
613 1648 755 1732 Sequitur
776 1646 813 1710 ab
838 1647 895 1710 alia
921 1667 1024 1714 manu:
1049 1647 1147 1712 1161.
1174 1647 1268 1730 thro.
1298 1645 1382 1710 Vm.
1406 1644 1441 1708 ln
1563 1677 1564 1736 j

245 1757 352 1822 codice
369 1756 502 1820 XXXlX:
527 1757 624 1822 1164.
649 1759 713 1822 Pro
733 1756 816 1842 Pyro
832 1764 863 1821 ct
879 1755 1015 1822 ecclesio
1027 1755 1062 1820 S.
1076 1755 1191 1820 Murci.
1208 1756 1333 1824 Petrus,
1350 1755 1439 1818 Fon·
1563 1773 1564 1830 f

244 1868 340 1935 tinam.
360 1868 465 1931 Gonzo
481 1867 524 1931 do
540 1866 669 1930 Molino.

304 1973 504 2057 *Respicitur
535 1973 591 2037 hoo
623 1971 753 2056 diploma
783 1974 813 2036 in
838 1973 1000 2038 donatione
1028 1971 1201 2036 Sebastiani
1228 1972 1313 2034 Ziani
1342 1971 1439 2034 [lucis

243 2101 318 2146 anno
336 2081 446 2145 domini
466 2081 551 2147 1175
569 2082 676 2168 (huius
694 2079 887 2146 collectionis
905 2101 969 2144 uro.
987 2081 1106 2166 LXlll),
1125 2099 1211 2165 quam
1229 2078 1381 2144 conteras.

334 2252 369 2322 ln
394 2249 524 2319 nomine
551 2249 671 2320 domini
699 2250 751 2320 dei
778 2256 812 2320 01
840 2249 1011 2320 salvatoris
1039 2251 1144 2319 nostri
1171 2249 1276 2319 Jhesu
1302 2246 1439 2318 Christi.
1563 2297 1564 2336 p

243 2376 340 2446 Anno
366 2377 486 2446 domini
513 2376 681 2446 millesimo
710 2380 891 2447 centesimo
918 2377 1123 2472 sexagesimo
1150 2383 1287 2467 quarto,
1317 2374 1440 2444 mensis
1563 2441 1564 2444 ,

247 2503 402 2596 Augusti,
420 2503 598 2573 indictione
620 2502 824 2573 duodecima.
854 2503 994 2572 Ruomrr.

340 2630 499 2716 Quotiens
524 2630 754 2724 possessiones
778 2630 829 2700 vel
852 2630 975 2724 praedia
1001 2629 1042 2700 de
1070 2629 1207 2724 proprio
1231 2625 1282 2697 vel
1309 2625 1442 2696 comuni

248 2757 369 2827 sanctis
395 2756 543 2826 ecclesiis
572 2757 771 2840 offeruntur,
801 2759 931 2828 tociens
950 2762 1083 2850 oportet
1101 2755 1152 2836 id,
1180 2754 1268 2848 quod
1294 2752 1441 2822 oblatum

248 2887 310 2965 est,
333 2883 497 2976 scripture
517 2881 645 2952 vinculo
665 2882 839 2965 adnodari,
869 2907 909 2954 ne
935 2882 1095 2952 decursus
1122 2887 1307 2974 temporum
1328 2901 1346 2948 a
1367 2900 1441 2946 me-

249 3009 352 3079 moria
369 3008 474 3092 tollat,
495 3007 583 3102 quod
602 3007 732 3078 devotio
752 3009 868 3102 optulit
886 3010 949 3102 pia.

340 3137 552 3230 Quapropter
571 3157 632 3206 nos
653 3133 783 3227 quidem
798 3135 911 3205 Vitalis
926 3133 1075 3218 Michael,
1096 3133 1149 3204 dei
1168 3133 1276 3226 gratia
1290 3131 1441 3217 Venetia,

247 3243 411 3333 Dalmacie
431 3275 530 3354 atque
549 3263 710 3333 Chroacie
729 3263 817 3344 Dux,
843 3285 917 3366 cum
937 3261 1104 3356 judicibus
1128 3268 1163 3331 61
1187 3259 1390 3354 sapientibus
1411 3264 1445 3327 ct

248 3387 360 3482 populi
379 3388 493 3458 Veneti
517 3391 587 3482 pari
616 3412 781 3459 consensu
801 3396 834 3458 61
852 3389 1020 3458 uoluntate
1039 3387 1080 3456 ab
1099 3387 1198 3456 hodie
1218 3386 1348 3454 inantea
1368 3405 1443 3453 cum

248 3515 372 3584 nostris
398 3515 649 3584 successorihus
668 3515 782 3584 damus
802 3521 835 3585 et
854 3515 1021 3586 offerimus
1041 3513 1132 3606 operi
1154 3509 1297 3580 ecclesie
1316 3508 1443 3579 beatis-

249 3641 321 3711 simi
340 3639 481 3734 apostoli
501 3646 535 3710 et
554 3639 755 3734 evangeliste
775 3647 874 3734 atque
894 3641 1023 3734 patroni
1042 3640 1146 3710 nostri
1165 3636 1283 3717 Marci,
1305 3635 1337 3704 in
1353 3641 1443 3704 tem-

247 3791 331 3861 pore
350 3765 514 3836 Leonardi
540 3767 693 3850 tradedi,
721 3765 870 3858 ejusdem
889 3765 1000 3858 operis
1021 3763 1261 3858 procuratoris,
1290 3761 1445 3831 videlicet

250 3892 335 3962 illam
356 3898 502 3962 nostram
520 3915 635 3984 rugam
655 3893 696 3963 de
716 3894 817 3986 Tyro,
839 3917 902 3985 que
920 3891 997 3962 data
1017 3899 1051 3962 et
1068 3913 1228 3962 concessa
1246 3888 1309 3959 fuit
1326 3893 1444 3958 nostro

251 4019 381 4090 comuni
408 4041 470 4112 pro
499 4016 720 4112 hospitatione
748 4017 967 4100 Venetorum,
1004 4016 1133 4109 quando
1162 4015 1239 4085 illuc
1266 4017 1368 4094 irent3
1410 4020 1446 4084 et

250 4153 367 4240 postea
381 4145 442 4214 luit
457 4145 587 4215 dimissa
606 4151 744 4239 propter
758 4143 1032 4216 hedificationem
1050 4141 1191 4212 ecclesie
1208 4141 1321 4210 Sancti
1343 4139 1445 4210 lllnrci

252 4271 293 4340 de
313 4273 421 4362 Tyro,
452 4293 515 4362 que
541 4272 682 4342 ecclesia
707 4270 872 4340 edifficata
893 4269 955 4338 suit
974 4267 1016 4338 ad
1034 4267 1194 4338 honorem
1216 4275 1251 4336 et
1272 4265 1444 4336 utilitatem

252 4397 361 4490 operis
391 4396 531 4466 ecclesie
560 4397 671 4468 Sancti
700 4397 800 4467 ltlarei
829 4395 870 4464 de
897 4393 1051 4464 Veneria.
1082 4393 1155 4478 Quo
1181 4392 1333 4462 uidelicet
1358 4415 1444 4485 ruga

250 4528 316 4592 stat
330 4523 423 4614 juxta
444 4530 572 4616 portam
592 4524 782 4618 Magistrum
800 4521 841 4592 ad
860 4522 1027 4591 introitum
1047 4518 1120 4611 ejus
1135 4520 1230 4612 juxta
1249 4523 1383 4614 portum
1403 4517 1444 4589 ad
