3110 5076
297 340 371 414 178
458 393 459 398 1
634 354 801 414 enisurus
815 353 922 409 lernou
936 351 1137 406 [memnonis.

381 521 478 600 Nune
501 531 608 596 sutem
635 547 701 619 ego
727 524 867 621 prodictu
895 523 1109 619 suprascripti
1135 523 1209 594 suni
1232 521 1292 593 tihi
1318 521 1476 616 uppsgsri

292 673 473 745 yperperos
498 650 567 722 suri
592 651 668 723 boni
695 652 815 724 veteris
840 657 951 746 portes
978 649 1165 730 duodecim
1195 649 1238 720 its
1263 647 1353 740 quod
1379 645 1475 719 nichil

290 777 365 848 inde
378 779 544 862 remansit,
564 779 650 852 uude
665 803 717 852 me
732 781 805 851 inde
819 780 954 874 emplius
968 781 1136 873 requirere
1149 777 1257 848 valeas
1276 800 1337 872 per
1355 774 1476 847 nulium

290 904 466 999 mmmmm.

378 1031 415 1102 Si
432 1033 532 1128 igitur
557 1041 672 1104 contre
695 1033 780 1105 hauc
805 1033 1033 1128 promissionis
1048 1040 1171 1105 cunum
1190 1034 1239 1104 ire
1256 1039 1475 1126 temptavero,

288 1164 365 1230 tunc
385 1159 559 1231 emendare
579 1159 715 1232 debeam
741 1184 815 1232 cum
835 1161 914 1230 meis
934 1160 1110 1232 heredibus
1128 1161 1187 1232 tibi
1206 1167 1239 1231 ct
1256 1159 1322 1232 tuis
1341 1159 1476 1230 heredi-
1542 1152 1543 1155 '

288 1283 350 1356 hus
368 1287 438 1358 euri
456 1287 556 1358 libres
570 1289 721 1381 quinque.
752 1288 794 1358 Et
812 1288 883 1359 brec
897 1288 1120 1379 promissionis
1135 1294 1227 1359 cortu
1244 1287 1276 1357 in
1295 1310 1354 1358 sus
1373 1285 1476 1356 firmi·

288 1419 359 1485 tute
375 1421 575 1506 permaneat.

379 1539 454 1634 Ego
474 1541 661 1612 Dominicus
680 1543 826 1614 Juhisno·
838 1565 881 1610 m.
901 1565 943 1611 m.
965 1565 1010 1610 ss.

378 1669 407 1758 †
425 1667 499 1763 Ego
517 1667 684 1740 iohannes
702 1668 848 1762 Ruybulo
867 1674 907 1740 tt.
927 1693 974 1740 ss.

378 1794 454 1888 Ego
473 1797 658 1868 Bonifccius
676 1796 840 1867 Sulmulus
859 1801 897 1866 tt.
919 1818 963 1865 ss.

378 1921 453 2016 Ego
471 1923 632 2008 Andreas,
652 1925 765 1994 Presb.
781 1923 894 1994 Suncti
909 1919 1060 1992 Caucisni
1080 1921 1194 1992 Presh.
1216 1927 1250 1990 et
1268 1919 1360 2003 Not,
1381 1942 1476 1991 com-

287 2047 372 2143 pleri
392 2055 425 2120 et
442 2049 607 2121 roboravi.

376 2177 502 2272 †Ego
531 2177 693 2261 vivianus,
722 2177 835 2248 Presb.
866 2187 900 2248 et
927 2179 1050 2249 Canon.
1081 2173 1214 2245 Castell.
1243 2173 1416 2245 Ecclesiae
1443 2179 1478 2244 et

288 2301 379 2387 Not,
398 2305 485 2375 sicut
504 2303 566 2374 vidi
587 2305 618 2375 in
638 2311 753 2389 matre,
773 2305 868 2375 testis
888 2328 957 2374 sum
976 2305 1008 2373 iu
1027 2303 1101 2374 filiu.

376 2429 498 2524 †Ego
526 2431 713 2502 Dominicus
741 2431 958 2526 Superstitem,
991 2431 1154 2502 Dioconus
1179 2437 1212 2500 et
1237 2427 1411 2511 Notarius,
1441 2435 1477 2499 ut

287 2555 351 2627 ridi
369 2557 401 2626 in
421 2563 535 2642 matre,
555 2561 650 2630 testis
669 2583 740 2629 sum
759 2557 884 2630 iutilia.

449 2685 488 2755 L.
509 2685 545 2756 S.
602 2685 676 2779 Ego
707 2685 851 2781 Angelus
880 2685 1041 2769 Marinus,
1074 2683 1188 2756 Presb.
1218 2690 1252 2755 et
1283 2681 1377 2766 Not,
1411 2681 1476 2754 hoc

287 2811 463 2906 exemplavi
478 2812 594 2883 codem
606 2835 705 2897 enno,
721 2837 832 2884 mense
845 2811 953 2896 madii,
971 2813 1030 2883 sub
1046 2813 1266 2908 suprascripta
1281 2807 1474 2894 indictione,

287 2959 350 3008 ncc
368 2939 466 3011 minui
485 2963 547 3010 nec
565 2940 726 3034 ampliavi,
744 2939 901 3033 complevi
921 2946 955 3010 et
974 2939 1136 3011 roboravi.

748 3157 1009 3229 LXX-LXXII.

540 3297 545 3306 '
628 3299 788 3380 Prtrtiegis
805 3301 910 3366 {sunit
928 3300 1129 3384 Imperatoris.

694 3442 723 3495 Α.
738 3440 764 3494 d.
777 3441 857 3504 mss,
870 3459 902 3496 m.
916 3441 1065 3496 Februario.
1124 3476 1128 3484 ·

374 3569 545 3634 Andreas
567 3569 770 3634 Dandulus
797 3572 815 3634 Ι.
839 3573 858 3634 Ι’.
883 3593 912 3654 p.
937 3569 1017 3636 313:
1048 3568 1269 3648 „Andronicus
1292 3569 1471 3656 Imperator

283 3679 322 3744 ed
343 3679 456 3744 dsoedo
472 3679 654 3744 musclis
680 3688 793 3767 nepote
815 3681 944 3769 capitor
958 3688 989 3745 et
1000 3679 1149 3766 privatos
1164 3679 1252 3744 oculo
1269 3685 1300 3743 et
1314 3679 1469 3756 rioribus,

282 3787 365 3854 sieut
386 3789 492 3853 dolose
512 3797 636 3877 eperat,
666 3789 712 3854 isa
733 3789 939 3877 ipoomirss‘oso
962 3789 1058 3854 citum
1081 3789 1194 3875 finivit.
1221 3786 1350 3852 tractos
1371 3788 1471 3876 iyitrsr

282 3897 460 3986 imperator
479 3899 607 3985 effectus
623 3905 678 3964 est.
704 3899 788 3964 Huic
801 3899 881 3964 Dee
893 3897 954 3984 (sc.
972 3901 1088 3963 Aureus
1104 3894 1322 3982 Mastropctro)
1340 3897 1469 3963 Petrum

280 4005 484 4080 Micdoelerm
509 4007 714 4074 Octavianum
734 4007 866 4086 Quirino
881 4016 912 4074 et
926 4009 1081 4074 Joonnem
1096 4007 1282 4073 Michaelem
1293 4027 1358 4094 pro
1373 4030 1468 4073 resso-

280 4115 406 4180 oatr'oue
421 4116 583 4182 crisodols'i
603 4125 634 4182 et
656 4117 840 4182 damnorum
861 4117 1057 4184 restitutione
1079 4119 1199 4205 lepotos
1219 4117 1345 4184 mitteres
1367 4119 1467 4184 criso-

279 4223 395 4290 dolr'um
410 4225 564 4304 obesum·
578 4227 636 4290 sed
648 4227 688 4292 de
703 4227 916 4292 resarciendis
930 4228 1053 4292 demnis
1068 4226 1251 4292 didrtiooem
1266 4227 1410 4293 dodoit“.

368 4333 541 4419 Sequuntur
552 4333 601 4397 hic
614 4335 669 4398 tria
683 4335 842 4419 pririicgis
858 4335 962 4398 lsascii
978 4335 1179 4426 imperatoris,
1197 4337 1303 4401 eodem
1320 4336 1467 4420 temporis

278 4449 428 4507 momento
453 4461 599 4508 concessu
622 4443 759 4509 Venetis:
788 4463 848 4530 fluo
872 4443 924 4509 itu
945 4445 1052 4510 ordine
1073 4445 1134 4509 sint
1155 4444 1336 4516 exhibendo,
1360 4445 1391 4510 id
1407 4448 1466 4510 ism

279 4548 374 4618 Liber
388 4550 480 4617 Albus
496 4551 613 4627 edocet,
631 4573 685 4619 suo
702 4553 769 4621 loco
781 4555 1008 4640 unumquodque
1020 4557 1187 4640 proterens.
1212 4555 1373 4619 Primum
1388 4575 1466 4640 crgo
