3130 5082
294 329 344 400 90
622 336 759 390 1111111111
772 334 794 388 II
806 334 955 390 Hrnacson.
967 333 1138 390 Concessio.

848 557 929 634 XLI.

296 685 480 768 Pririlegin
493 683 691 751 concessionis
703 687 812 751 Iccton
823 707 877 770 per
887 681 1059 750 1111111111
1074 686 1476 770 rcgcniercscipnritom,

298 803 400 860 sancto
428 793 523 860 Iicrcr
551 801 581 860 ct
607 791 678 859 buci
703 791 852 859 dentrice
880 791 1016 860 liciscii
1046 795 1166 880 srisqrc
1193 797 1416 862 successoribus
1444 803 1478 861 ct

800 905 969 968 irrrribus.

734 1021 766 1076 A.
781 1026 808 1080 r.
822 1023 1037 1089 cicumcisio.

385 1138 452 1203 bib.
469 1138 535 1203 ilo.
562 1135 613 1202 ici.
633 1133 818 1202 rso-tta.
843 1139 908 1202 bib.
926 1139 1009 1204 Pact.
1033 1139 1061 1215 Ι,
1084 1137 1139 1204 48.
1168 1138 1380 1204 Ambrosianus
1407 1139 1477 1204 cod.

295 1247 330 1310 ad
348 1249 461 1312 caicem
479 1247 657 1310 Muratori
673 1267 702 1330 p.
717 1246 791 1310 2711.
816 1247 950 1330 Respicit
966 1247 1023 1313 hoc
1036 1247 1223 1332 priuilegium
1235 1249 1354 1312 donatio
1370 1249 1479 1314 Vitatis

295 1354 451 1420 iiiichaeiis
465 1378 491 1420 a.
508 1355 603 1420 1164.
628 1354 1477 1439 11113111111111.11111111111111111.

295 1465 321 1528 ia
339 1466 482 1548 crocique
498 1464 551 1528 des
567 1464 736 1536 Veniciens‚
754 1464 842 1528 icch.
859 1469 932 1527 sior.
949 1463 1010 1527 itai.
1030 1463 1103 1539 VIII,
1120 1485 1149 1548 p.
1167 1466 1232 1530 298
1250 1487 1293 1551 sq.

385 1575 518 1638 Andreas
535 1573 725 1637 Danduius
742 1573 790 1637 ed.
810 1577 861 1637 cit.
881 1593 910 1657 p.
925 1573 1006 1638 273:
1026 1575 1168 1650 „Mortuo
1184 1571 1315 1648 Balccb⁹
1340 1569 1480 1640 Buldui-

294 1705 354 1749 auc
378 1703 441 1748 rec
461 1679 670 1760 Hiemem,
686 1685 846 1770 promissa
864 1679 1019 1770 pecunia,
1050 1685 1195 1773 datisque
1221 1685 1379 1751 obsidibus
1403 1695 1479 1772 post

296 1793 511 1880 captiuitatem
531 1793 637 1858 XVIII
652 1793 802 1858 manium
829 1793 909 1858 liber
931 1793 1129 1858 Antiochiam
1151 1794 1262 1866 rediit,
1290 1801 1321 1858 ct
1343 1795 1478 1859 concilio

294 1911 406 1988 postca
421 1904 626 1968 Prolatos-om
641 1909 671 1966 ct
687 1903 846 1966 Boream
858 1909 957 1989 parco
972 1901 1088 1968 Veneriis
1100 1903 1261 1990 promisco
1276 1903 1480 1990 inteprcic'ter

299 2012 519 2100 approbavit“.

386 2145 422 2215 in
446 2145 574 2216 nomine
598 2139 749 2235 sonctc¹)
783 2149 816 2216 ct
840 2143 1004 2215 indiuiduc
1029 2145 1197 2230 trioniiatis,
1230 2147 1332 2241 patris
1357 2151 1393 2216 et
1420 2144 1477 2215 iiiii

298 2277 331 2342 et
350 2273 481 2366 spiritus
501 2271 615 2342 sancti.
644 2270 758 2342 Amen.

386 2399 455 2470 Hec
486 2405 563 2470 sunt
588 2397 839 2480 connectiones,
869 2417 949 2489 quas
978 2398 1171 2482 baldoinus,
1208 2421 1264 2468 rer
1293 2398 1479 2469 Ierusalem

298 2525 486 2596 Latinorum
511 2524 685 2607 sccundus,
709 2524 788 2594 iecit
814 2531 927 2594 sancto
947 2523 1056 2595 Marco
1083 2532 1117 2595 et
1141 2525 1310 2596 Dominicc
1328 2525 1480 2598 biicbaeii

297 2654 428 2746 suisque
441 2651 688 2722 successoribus
702 2657 736 2720 et
751 2651 926 2722 baronibus
940 2650 1115 2720 secundum
1129 2652 1373 2745 prolocutiones
1388 2652 1479 2722 litte-

298 2803 407 2850 rarum
426 2785 460 2848 et
477 2779 659 2848 nuntiorum
677 2751 833 2858 11111111,ἱ
854 2783 1024 2868 antequam
1042 2783 1158 2872 captus
1176 2788 1280 2875 esset,
1305 2779 1351 2848 eis
1371 2777 1479 2846 desti·

299 2929 389 2988 nare,
410 2904 544 2976 consilio
563 2903 817 2998 patriarcharum
831 2909 864 2973 et
877 2903 1053 2974 antistitum
1070 2913 1105 2974 et
1122 2905 1276 3002 principis
1289 2903 1478 2986 Andecaui,

300 3054 360 3101 nec
379 3053 444 3102 non
463 3036 674 3122 utrorumque
692 3029 864 3112 baronum,
891 3029 1039 3100 uidelicet
1057 3031 1325 3102 ierosolimorum
1351 3037 1387 3102 et
1406 3031 1479 3100 Au·

299 3157 537 3242 tiocbenorum,
552 3157 757 3252 postmodum
767 3181 785 3228 a
796 3156 998 3228 Varamundo
1007 3151 1038 3250 ²)
1054 3157 1195 3244 domino,
1210 3159 1480 3230 Jercsoiimcrum

299 3283 500 3378 patriarcba,
527 3291 560 3354 et
580 3283 742 3378 episcopis
762 3280 905 3353 eiusdem
928 3283 1165 3376 patriarchatus
1184 3284 1362 3356 secundun
1385 3307 1481 3353 suum

300 3410 446 3480 ordinem
465 3401 690 3502 concessaa⁸)‚
710 3416 807 3503 atque
822 3432 841 3480 a
855 3407 1030 3480 baronibus
1044 3411 1268 3480 sacramentali
1286 3429 1381 3482 manu
1397 3433 1482 3480 con·

301 3529 480 3629 firmatas⁴J
500 3538 531 3608 in
551 3537 708 3608 ecclessia
726 3541 838 3606 sancte
858 3536 964 3606 crucis
983 3535 1068 3630 apud
1087 3535 1213 3606 Acbcn.

390 3665 426 3734 In
445 3664 593 3735 omnibus
612 3664 736 3734 scilicet
753 3661 936 3734 ciuitatibus
956 3661 1162 3754 dominioque
1180 3661 1320 3755 predicti
1338 3661 1429 3754 regis
1449 3667 1483 3730 et

302 3791 441 3862 omniurn
456 3790 614 3863 1111111111
631 3811 765 3861 suorum
778 3787 924 3860 Venetici
942 3787 1114 3860 ecclesiam
1133 3794 1166 3860 ct
1183 3790 1344 3884 integram
1362 3812 1482 3882 rugam

302 3939 461 4013 unamque
472 3915 633 4012 piatbcam
649 3896 685 3987 'et
703 3913 863 3999 balneum,
883 3939 1022 3988 necnon
1037 3921 1071 3986 et
1089 3916 1218 3987 iurnum
1237 3915 1389 3997 habeant,
1411 3916 1485 3986 iure

302 4038 537 4138 1111111111τί15)
557 4043 771 4140 possidenda,
796 4043 837 4116 ab
857 4045 943 4115 omni
961 4044 1130 4116 exactione
1155 4043 1277 4126 libera,
1304 4045 1390 4115 sicut
1408 4049 1486 4114 sunt

302 4174 392 4268 regis
410 4173 554 4269 propria.

329 4368 356 4439 ι)
375 4367 435 4421 odd.
449 4367 568 4420 Imbros.
582 4364 653 4438 apud
666 4365 758 4419 diurni.
945 4359 973 4436 ⁸)
994 4379 1154 4418 concessa
1167 4364 1233 4418 IIur.

329 4457 359 4530 ²)
377 4457 574 4513 Wermundo
600 4456 649 4509 LP.
682 4454 866 4510 Vnrmundc
945 4453 976 4524 1)
993 4454 1268 4509 coniirmaicbiur.

375 4549 441 4603 idur.
946 4544 974 4617 ⁵)
993 4544 1276 4600 hereditatisbiur.
