3120 5078
393 361 502 416 Caurus
516 360 721 417 coronemus
736 363 911 416 Fonsosms.
1171 345 1242 416 301

49 554 119 600 cum
147 531 343 623 aspenditiis
370 531 529 602 universis
555 531 697 616 relictis,
731 539 885 625 tanquam
911 533 952 606 ad
977 499 1100 626 asylum
1126 529 1247 599 conlu-

50 658 165 750 giens,
182 658 335 768 vtransito
362 657 441 728 mari
468 657 584 751 rapido
612 681 712 729 cursu
739 660 772 729 in
799 659 952 752 Angliam
977 683 1014 729 se
1038 658 1176 750 recepit.
1207 655 1251 726 At

50 785 219 879 Philippus
240 809 298 855 rex
316 786 475 856 Franciae
493 785 599 856 laetus
619 786 701 857 baec
721 789 827 858 omnia
849 789 1021 880 occuparit
1041 795 1074 858 et
1093 787 1195 878 cepit.

138 912 323 983 balduinus
348 911 532 1004 Imperator
550 915 659 984 statim
681 920 756 1008 post
773 916 1020 986 coronationem
1036 935 1126 984 snam
1141 911 1251 981 hono·

48 1038 175 1108 rificam
190 1037 283 1108 dedit
294 1037 443 1110 omnibus
457 1037 621 1108 nobilibus
635 1040 702 1108 suis
717 1040 887 1112 liberatam
903 1040 944 1110 de
960 1040 1087 1134 caligis,
1103 1040 1250 1109 dextram

48 1165 181 1257 nigram
207 1165 364 1234 insertam
389 1166 498 1235 aureis
524 1165 661 1256 pedibus
687 1165 837 1248 leonum,
867 1167 1032 1238 sinistram
1058 1165 1190 1235 divisam
1218 1164 1249 1232 in

48 1291 220 1374 colorem,
249 1291 366 1361 subtus
392 1291 497 1360 albam
517 1313 590 1362 cum
609 1290 751 1384 pedibus
769 1291 909 1364 leoninis
935 1293 1057 1386 nigris,
1083 1292 1212 1360 mixtam
1232 1313 1251 1360 a

47 1418 206 1510 genubus
236 1425 271 1487 et
298 1439 396 1510 snpra
424 1418 511 1511 nigri
539 1418 661 1490 coloris
690 1443 764 1490 eum
797 1421 935 1512 pedibus
963 1420 1101 1491 leoninis
1130 1419 1250 1489 aureis.

47 1544 1251 1638 PostquampcrtrcsmensesacoronationesuaiueratConstantinopoli,

45 1695 121 1742 curn
133 1671 491 1742 bonorificocomitatn
503 1673 645 1742 uisitauit
656 1679 761 1743 totam
773 1674 1001 1756 Graeciam,et
1012 1671 1251 1766 deposuitolti·

47 1801 184 1883 ciarios,
200 1823 286 1892 quos
301 1798 460 1870 blurtillez
474 1799 695 1884 ordinaverat,
705 1805 738 1870 et
748 1803 860 1894 posuit
870 1802 1153 1884 noros‚honest0s
1163 1799 1252 1868 riros

47 1933 80 1996 et
91 1925 225 2018 justos.
238 1925 371 1996 dudirit
389 1926 587 1996 infinitimam
606 1927 772 2019 querelam
792 1927 833 1998 de
853 1928 1038 2011 officiariis,
1058 1949 1141 2021 quos
1160 1925 1252 1996 blur-

45 2053 136 2124 tillez
149 2051 378 2136 ordinarent,
395 2054 562 2148 (promodo
578 2055 767 2125 exactiones
784 2055 925 2126 infinitas
939 2057 1098 2126 lacerant.
1116 2055 1253 2148 lnsuper

43 2180 1250 2275 plureseorumconsuluerant,quomodoetqualiterjorcnisdlerioslm·

44 2313 190 2399 perator
202 2311 334 2376 secrete
347 2305 388 2375 de
399 2307 743 2390 noctesullooarctur,
761 2307 802 2376 ad
813 2307 909 2377 linem
920 2305 1020 2392 illum,
1038 2279 1249 2400 utoognatns

43 2455 167 2503 eorum
187 2432 347 2503 blurtiflez
373 2432 597 2502 dominaretur
609 2441 644 2502 et
659 2433 700 2503 ud
717 2433 895 2504 dominium
916 2435 1089 2528 lmperiale
1106 2457 1250 2504 corona·

42 2565 163 2630 retur:
182 2558 548 2650 qnosomnesdominns
564 2559 892 2654 lmperatorcepitac
904 2560 1060 2631 decollari
1077 2559 1251 2630 mandarit.

139 2683 341 2755 visitatione
360 2684 522 2755 Graeciae
542 2683 776 2776 aliquantulum
794 2693 942 2780 peracta,
967 2686 1066 2756 rediit
1086 2685 1251 2756 Constan-

43 2809 226 2905 tinopolim
241 2817 276 2882 et
289 2811 388 2904 jubet
402 2811 520 2881 adduci
533 2811 706 2894 blurtidez,
726 2813 780 2905 qui
796 2819 913 2907 captus
927 2814 1036 2883 luerat
1051 2835 1125 2883 cum
1139 2813 1253 2906 viginti

44 2939 185 3010 duobus
213 2939 255 3008 de
279 2937 566 3032 principalioribus
593 2939 784 3010 consulibus
811 2941 897 3024 suis,
928 2942 982 3032 qui
1002 2940 1172 3010 eonsilium
1193 2939 1254 3009 sibi

45 3071 170 3137 contra
189 3067 307 3136 Orisac
331 3066 502 3135 dederant.
532 3064 691 3135 blurtibez
712 3072 788 3136 anto
806 3063 999 3137 Balduinum
1024 3071 1255 3158 praesentatus

46 3193 191 3274 latetur,
222 3192 388 3284 quomodo
419 3197 454 3260 et
482 3191 623 3284 qualiter
649 3193 742 3261 amici
772 3189 841 3274 sui,
876 3193 907 3262 id
933 3193 1021 3285 quod
1050 3193 1198 3262 fecerant
1221 3194 1253 3261 in

46 3319 259 3390 exoculando
280 3317 394 3388 Orisac
413 3324 447 3388 et
466 3323 584 3409 postea
603 3317 634 3386 in
654 3317 892 3409 strangulando
913 3318 1059 3387 Alesiam
1082 3318 1250 3408 juvenem,

45 3447 108 3516 sibi
127 3443 302 3516 consilium
318 3444 490 3531 dederant.
511 3445 705 3538 Imperator,
721 3443 833 3515 habito
850 3451 978 3515 maturo
994 3445 1147 3527 consilio,
1158 3443 1257 3537 jubet

46 3595 169 3643 omnes
189 3571 264 3640 duci
283 3571 315 3640 in
334 3569 463 3664 Pyrely‚
491 3570 545 3663 qui
564 3576 616 3640 est
634 3570 790 3640 introitus
809 3577 927 3664 portus
947 3573 1059 3654 maris,
1086 3577 1121 3640 et
1140 3593 1255 3642 omnes

45 3697 214 3770 decollari
234 3705 267 3768 et
287 3697 449 3767 cadauera
469 3719 571 3789 super
590 3703 683 3767 rotas
702 3697 799 3788 poni;
820 3696 981 3767 blurtillez
995 3719 1077 3766 vero
1095 3699 1127 3766 in
1146 3698 1254 3767 medio

47 3847 170 3898 corum
190 3832 226 3893 et
245 3846 347 3915 super
365 3829 471 3894 rotam
492 3825 523 3892 in
542 3821 637 3893 basta
656 3821 741 3892 bene
760 3823 861 3915 longa
876 3829 976 3916 caput
995 3845 1090 3894 suum
1109 3825 1198 3916 poni.

144 3949 306 4020 blurtillez
334 3973 406 4020 cum
426 3949 510 4018 Xllll
537 3949 715 4040 majoribus
736 3949 977 4019 atrocioribus
996 3949 1064 4018 suis
1084 3949 1254 4041 decapita-

49 4082 114 4162 tis,
145 4078 283 4168 inauper
308 4073 430 4145 audivit
457 4097 563 4144 noros
589 4095 740 4144 rumores
769 4071 810 4142 de
839 4074 996 4157 Graecia,
1026 4075 1113 4166 quod
1138 4073 1253 4151 tomuli

47 4205 233 4275 amicorum
260 4207 455 4272 necatorum
481 4206 514 4270 et
532 4199 629 4293 aliqui
650 4198 691 4268 de
710 4199 966 4292 consanguineis
991 4199 1172 4284 blurtillez,
1201 4203 1254 4294 qui

48 4333 91 4402 de
123 4329 266 4402 Graecia
282 4329 471 4421 ingerant,
506 4349 604 4420 quum
637 4325 815 4396 Balduinus
848 4326 1019 4396 Graeciam
1053 4317 1254 4410 visitaverat,

47 4459 179 4529 reversi
198 4457 345 4535 fuerant,
366 4455 556 4536 officiarios,
577 4474 659 4546 quos
678 4451 854 4522 Balduinus
874 4453 1057 4546 lmparator
1078 4459 1254 4536 statuerat,

48 4583 309 4665 interfecerant,
355 4587 388 4652 et
425 4602 526 4649 noras
564 4581 682 4650 iterum
720 4579 953 4674 oppressiones
992 4585 1026 4650 et
1062 4581 1252 4650 exactiones
