3130 5082
474 387 665 443 Psrvrussruur
677 389 796 443 Rossurr
811 385 840 441 ll.
1171 375 1240 448 101

154 555 316 628 lohannes
334 556 447 632 Presh.
469 566 502 631 et
521 557 665 632 Clericus
684 558 889 654 Ouprilriotes
909 562 942 629 et
961 558 1031 653 ipse
1051 561 1146 632 testis
1164 557 1245 630 suh-

15 719 16 736 1
76 681 194 776 scripsi.
930 711 936 726 ·

15 903 16 906 Ἴ
153 809 348 884 Eustachius
375 811 489 884 Presh.
519 819 552 885 et
580 813 725 886 Clericus
752 813 967 888 Crertellirles
996 815 1125 908 etipse
1153 815 1248 886 testis

15 923 17 1044 [
76 934 251 1030 subscripsi.

15 1135 17 1180 ³
153 1059 320 1137 lohannes
345 1065 459 1138 Presh.
486 1073 520 1138 et
545 1067 692 1140 Clericus
710 1067 885 1164 Opetriuos
906 1075 939 1140 et
961 1069 1031 1164 ipse
1054 1069 1149 1141 iestis
1168 1069 1249 1140 suh-

15 1199 16 1260 ]
78 1190 193 1285 scripsi.

15 1305 18 1412 l
154 1320 319 1413 Georgius
343 1323 457 1393 Presh.
477 1329 512 1393 et
530 1323 676 1394 Clericus
700 1321 915 1394 Oeeolorthes
938 1324 1033 1394 testis
1058 1323 1250 1417 subscripsi.

15 1483 16 1530 5
155 1446 413 1542 christophorus
439 1451 552 1522 Presh.
575 1457 608 1522 et
625 1451 772 1523 Clericus
798 1457 832 1521 et
855 1450 924 1544 ipse
948 1451 1043 1520 testis
1062 1451 1251 1545 subscripsi.

15 1669 16 1676 ἵ
154 1573 321 1647 lohannes
345 1577 435 1648 Diae.
456 1584 489 1649 et
508 1577 655 1651 Clericus
675 1577 872 1650 Oncdauites
898 1577 1024 1671 etipse
1048 1579 1143 1649 tostis
1170 1579 1251 1650 suh-

15 1713 17 1784 j
78 1699 194 1794 scripsi.

156 1827 295 1900 llichsel
312 1828 403 1901 Dioc.
425 1837 459 1902 et
472 1829 618 1902 Clericus
637 1837 671 1903 ei
688 1831 766 1903 Not.
782 1831 884 1904 insule
896 1830 1008 1902 Lemni
1023 1831 1253 1906 Odomestieos

15 1979 17 2090 p
78 1953 187 2048 etipse
205 1956 255 2028 sic
275 1957 419 2050 scriptor
436 1959 538 2030 totius
556 1959 651 2030 testis
670 1959 859 2053 subscripsi.

620 2283 716 2354 XLV.

207 2463 398 2544 lrlrlleglu
414 2463 532 2544 hgerll
547 2463 574 2526 ll
592 2464 668 2544 regis
685 2461 794 2528 Stellls
809 2481 980 2528 concessu
994 2463 1122 2529 tenetls.

581 2658 614 2714 h.
627 2657 653 2713 ul.
667 2657 759 2714 11391

160 2843 253 2908 Huius
268 2844 435 2928 privilegii.
458 2864 516 2929 quo
532 2842 657 2908 Venetis
673 2843 760 2926 plura
775 2841 806 2907 iu
823 2844 1012 2909 commerciis
1029 2842 1182 2908 commoda
1198 2844 1257 2908 im-

79 2953 272 3017 munitatesve
284 2952 424 3017 ridentur
436 2953 529 3017 luisse
540 2951 805 3028 concessa,meotio
817 2951 849 3015 fit
865 2953 893 3015 iu
906 2952 1063 3035 privilegio
1076 2953 1225 3017 Guilielmi
1237 2953 1262 3016 ll

78 3080 101 3124 s,
116 3062 212 3136 1175,
228 3064 318 3126 huius
331 3061 525 3127 Collectionis
541 3080 605 3125 oro.
621 3059 728 3124 uxvl:
748 3105 782 3134 „.
801 3106 809 3122 .
827 3107 835 3124 .
853 3061 1061 3138 concedimus,
1076 3069 1112 3127 nt
1128 3062 1265 3129 Venetici

79 3171 233 3236 venientes
257 3171 293 3234 in
315 3191 446 3258 reynnm
467 3177 608 3234 nostrum
624 3169 664 3235 de
678 3167 810 3233 nuvihns
825 3174 857 3232 et
870 3168 1026 3234 mercibus
1042 3191 1158 3242 eornm,
1184 3193 1263 3258 qnos

80 3276 255 3366 inrepnnm
270 3277 447 3354 attukrint,
470 3278 522 3341 ccl
536 3297 557 3342 a
571 3297 667 3364 repno
683 3277 927 3364 reportaverint,
950 3277 990 3342 de
1005 3265 1144 3352 iustitiis,
1163 3301 1264 3367 qnae

81 3388 330 3476 temporibus
356 3387 513 3453 domini
535 3387 827 3474 plerississimi
851 3387 958 3474 repis
981 3389 1169 3476 liconii,
1197 3391 1267 3456 ovi

81 3499 208 3563 nostri
223 3504 255 3562 ct
270 3497 390 3561 domini
404 3496 721 3583 mnpnificcntissimi,
744 3496 830 3584 repis
849 3496 1022 3572 Willielmi,
1042 3498 1150 3584 putris
1165 3500 1269 3564 nostri

82 3605 152 3671 lonc
172 3605 325 3671 memorie
346 3606 426 3670 dore
445 3604 532 3670 soliti
547 3605 620 3678 sint,
643 3605 768 3671 amodo
784 3605 913 3671 nonnisi
926 3605 1124 3672 medictatem
1140 3615 1262 3674 tanetum

82 3715 171 3782 tear
190 3722 251 3780 etc.

162 3823 246 3888 lllsm
262 3821 490 3889 conventionem
507 3821 572 3885 lore
584 3839 658 3885 enno
671 3821 755 3887 1139
769 3821 876 3887 facum
892 3841 972 3896 esse,
989 3821 1058 3888 iude
1075 3825 1266 3890 statuendum

85 3933 264 4016 putarimus,
292 3931 373 4017 quod
397 3939 466 3995 tuuc
481 3929 628 4013 hogerius
652 3929 787 3994 omnihus
811 3929 938 3995 devictis
963 3931 1100 3997 hostibus
1126 3941 1156 3997 et
1179 3943 1268 4019 capto

86 4039 250 4108 luuoceutio
267 4041 293 4105 ll
310 4041 391 4124 Papa
408 4039 492 4123 qussi
510 4039 546 4103 ed
563 4038 715 4122 festigium
736 4041 888 4124 potentiue
911 4046 1050 4117 erectus,
1074 4041 1186 4106 abhoc
1203 4044 1269 4128 ipso

87 4167 133 4214 reu
144 4149 324 4237 appellatio.
341 4149 488 4212 neminem
505 4167 567 4231 pro
583 4167 617 4210 se
629 4148 778 4212 dominum
792 4147 934 4222 habehat,
944 4149 985 4214 ‘id
996 4149 1086 4224 modo
1099 4152 1270 4232 attendens,

88 4257 243 4346 uthuperii
259 4266 293 4324 et
309 4256 386 4321 fines
402 4263 433 4320 et
448 4276 522 4340 opes
538 4261 674 4339 sugeret.
