3130 5078
292 307 368 380 544
582 321 676 375 lunae.
691 317 724 374 lll
736 338 827 376 sarsn.
841 338 878 376 an
891 321 1016 377 Tubunas
1029 323 1114 378 Pana.
1128 323 1172 380 Cr.

258 472 263 484 ’
290 491 428 574 aliencs;
458 491 530 586 qnia
551 499 659 564 tamen
679 493 855 564 novitatem
881 501 1022 565 tuamet
1044 495 1214 568 Ecclesiae
1233 499 1473 568 Constantino-

289 619 452 712 politanae
480 623 708 691 nccessitatem
737 643 776 691 ac
804 623 905 692 totins
933 629 1042 693 terrae
1074 624 1293 695 turbationem
1322 626 1471 718 allegans

289 769 389 839 super
415 745 465 815 his
494 770 554 818 nos
583 747 698 818 duxisti
727 747 888 818 humiliter
913 751 1150 834 consulendos,
1180 775 1221 821 ne
1247 775 1308 846 pro
1333 753 1471 845 siugulis

289 873 430 966 negotiis
445 873 485 943 ad
501 897 561 944 nos
574 895 746 946 recurrere
757 875 974 968 compellaris,
995 883 1031 948 ut
1051 879 1084 948 in
1098 877 1229 962 talibus,
1243 903 1315 950 cum
1331 903 1470 950 necesse

231 986 237 994 ⁴
287 999 403 1081 fuerit,
433 1000 472 1069 de
500 1001 703 1092 prudentium
731 1002 873 1071 virorum
909 1002 1043 1074 consilio
1078 1011 1220 1088 statuae,
1248 1007 1335 1098 quod
1364 1006 1470 1076 eidem

289 1127 459 1198 Ecclesiae
478 1150 516 1197 ae
535 1127 591 1198 tibi
612 1127 728 1198 videris
749 1129 917 1222 expedire,
945 1133 1142 1202 auctoritate
1168 1131 1225 1202 tibi
1249 1133 1469 1225 praesentium

289 1255 450 1326 licentiam
469 1256 681 1348 impertimur.
710 1256 795 1328 Nulli
815 1279 897 1350 ergo
917 1263 981 1328 etc.
1007 1265 1140 1328 nostrae
1159 1260 1383 1329 concessionis
1402 1270 1469 1331 ete.

378 1383 495 1453 Datum
524 1383 640 1468 Bonas,
676 1383 762 1476 apud
795 1391 940 1456 sanctum
972 1387 1122 1468 Petrum,
1155 1386 1198 1455 lll
1232 1387 1300 1458 Kal.
1335 1388 1470 1480 Aprilis,

289 1533 374 1581 anno
394 1515 525 1582 octauo.

829 1725 922 1796 CXL.

356 1885 543 1948 lunsecntlns
560 1885 601 1948 lll
617 1885 710 1948 etiem
726 1884 854 1964 liene,
876 1883 1051 1948 lstrlsrebe
1066 1885 1401 1967 benetentlmpslltene.

288 2046 423 2119 Statuit,
453 2046 531 2132 quid
549 2045 591 2109 sit
612 2045 765 2132 operulam
787 2045 821 2108 in
843 2045 993 2110 electione
1016 2045 1277 2111 Patriarcbarum
1301 2047 1471 2112 Ecclesiae

690 2155 1064 2240 Constantinopolitanae.

662 2271 692 2368 l.
706 2315 732 2368 u.
749 2313 826 2376 1205,
841 2313 883 2368 uo
898 2315 941 2369 so.
955 2332 988 2369 m.
1003 2315 1098 2370 uersu

375 2464 495 2526 lnnoe.
519 2461 558 2525 lll
581 2463 669 2545 epist.
695 2460 746 2524 lib.
771 2461 850 2533 Vlll,
875 2483 921 2545 ep.
948 2461 1036 2524 XXlll
1058 2462 1105 2524 etl.
1131 2463 1321 2547 Breqnigu
1331 2485 1349 2546 y
1372 2463 1409 2526 Τ.
1432 2463 1469 2537 ss,

286 2593 355 2656 pag.
374 2572 448 2636 668.

375 2739 579 2812 Auctoritate
602 2739 819 2832 praesentium
845 2738 1044 2822 inhibemus,
1074 2762 1132 2823 ne,
1162 2739 1306 2811 obeunte
1326 2748 1360 2812 tc
1380 2765 1467 2812 nrmc

287 2866 662 2960 Constantinopolitanae
686 2863 855 2935 Ecclesiae
875 2864 1076 2948 Patriareba,
1102 2865 1151 2936 vel
1173 2874 1303 2936 tuorum
1321 2867 1468 2960 quolibet

286 3017 526 3076 suceessorum,
545 2993 628 3062 nllus
642 2991 685 3060 ibi
700 2989 842 3085 qualibet
861 2991 1077 3083 surreptionis
1097 2995 1214 3063 astutia
1236 3015 1293 3063 seu
1314 2993 1464 3065 violentia

285 3129 499 3216 proponatur,
519 3120 578 3190 nisi
599 3119 651 3213 qui
669 3119 767 3188 tuerit
786 3115 909 3188 electus
929 3119 1105 3190 secundnm
1126 3121 1302 3190 canonicas
1322 3123 1467 3192 sanctio·
1501 3123 1505 3130 ’

286 3273 355 3320 nes.
385 3249 464 3319 Cum
484 3253 591 3318 autem
611 3245 787 3316 seeundum
808 3267 930 3314 morem
950 3246 1206 3317 ecclesiasticum
1227 3247 1325 3318 luerit
1345 3271 1466 3318 eonse-

286 3383 416 3460 cratus‚
444 3375 484 3445 ad
503 3371 715 3466 apostolicam
734 3372 855 3441 Sedena
879 3373 1009 3443 nuntios
1028 3397 1108 3443 suos
1127 3373 1249 3457 mittat,
1275 3373 1406 3466 pallium
1426 3375 1465 3444 de

289 3525 431 3596 corpore
446 3501 531 3572 beati
551 3501 638 3571 Petri
654 3507 827 3594 sumptum,
848 3499 975 3593 insigne
995 3500 1146 3570 videlicet
1164 3500 1370 3594 plenitudinis
1385 3524 1466 3593 pon-

283 3629 409 3701 tificalis
429 3629 539 3708 oflicii,
559 3629 730 3720 petiturus.
751 3625 784 3695 ln
801 3627 894 3718 eujus
908 3629 1116 3720 susceptione
1132 3627 1353 3720 juramentum
1374 3627 1463 3698 nobis

285 3767 318 3826 ct
337 3755 584 3828 successoribus
604 3755 724 3824 nostris
750 3754 926 3824 secundnm
947 3755 1148 3846 apostolieae
1168 3755 1262 3824 Sedis
1282 3764 1461 3826 consuetu-

284 3885 402 3968 dinem,
422 3883 508 3976 qnod
526 3889 561 3952 tn
580 3883 649 3974 ipse
670 3881 763 3950 nobis
783 3887 938 3974 suscepto
957 3881 1055 3974 pallio
1075 3879 1275 3973 praestitisti,
1296 3881 1368 3950 sine
1384 3905 1462 3952 con-

283 4009 476 4081 tradictione
496 4007 638 4098 qnalibet
656 4007 829 4078 exhibebit.

377 4135 426 4204 Ad
445 4133 528 4204 haec
552 4139 627 4204 tuae
651 4133 849 4204 fraternitati
869 4134 1089 4216 concedimus,
1110 4141 1145 4204 ut
1164 4133 1265 4204 libere
1287 4156 1305 4203 a
1326 4134 1460 4204 subditis

283 4263 365 4343 tuis,
394 4285 467 4332 eum
487 4283 625 4332 necesse
643 4260 759 4343 fuerit,
787 4261 827 4330 ad
852 4267 938 4330 tuam
963 4259 1156 4330 audientiam
1184 4259 1378 4354 appelletur,
1406 4262 1458 4330 nisi

284 4413 357 4460 eum
376 4387 543 4480 negotium
561 4388 661 4458 ⁴luerit
680 4387 720 4456 ab
740 4388 922 4480 apostolica
942 4386 1029 4456 Sede
1050 4385 1276 4468 commissnm;
1297 4387 1354 4470 ita,
1377 4385 1457 4480 qnod

282 4523 318 4585 tn
337 4513 606 4607 appellationibus
626 4515 665 4585 ad
684 4517 860 4585 Romanam
882 4514 1061 4585 Ecclesium
1081 4515 1282 4607 interpositis
1302 4513 1458 4584 humiliter
