3110 5076
345 368 471 426 Gonnum
484 387 568 426 neers
581 371 728 428 llrsrosor..
743 389 943 428 eonrrnuarro.
1152 362 1226 434 213

58 532 144 596 rideri
159 537 339 600 necessaria.
358 536 510 602 Corradus
523 537 561 602 de
573 537 740 616 lloutteret,
759 539 891 604 blarcbio
902 541 987 626 Tyri,
1005 561 1061 604 uua
1075 561 1140 604 eum
1154 559 1230 622 rege

58 640 236 706 Francorum
269 644 405 730 Philippo
435 647 568 728 Augusto
596 647 632 710 ad
659 657 755 714 castra
783 648 942 714 Christiani
975 650 1124 714 exercitus
1150 649 1227 734 apud

60 751 233 814 Ptolemaida
247 754 342 837 posita
355 760 540 828 accesserat;
559 757 607 840 qui
621 778 709 840 quum
721 757 803 822 illum
820 759 849 821 in
866 760 1057 824 contentione
1070 781 1133 825 cunr
1147 759 1228 830 Vito,

61 881 130 942 rege
155 861 433 948 Hierosolymitano,
450 873 642 936 sustentaret,
666 865 783 939 accidit,
807 871 839 931 ut
855 867 939 930 vitus
955 866 1106 932 derelictis
1123 867 1230 932 cestris

59 969 203 1035 llicbardo
220 971 383 1056 bogiorum
398 973 465 1054 regi
482 982 654 1040 occurreret
669 976 698 1036 iu
716 975 838 1040 insulam
855 973 993 1061 Cyprum.
1012 977 1054 1040 Ea
1066 977 1130 1041 lere
1141 982 1228 1058 gesta

59 1085 120 1142 aunt
141 1101 245 1145 mense
261 1079 371 1165 Aprili:
388 1086 419 1146 et
433 1081 521 1165 paulo
537 1088 605 1166 post
620 1082 796 1155 Conradum.
820 1086 869 1170 qui
886 1105 919 1150 se
935 1105 1038 1169 regem
1055 1085 1230 1170 llierosoly·

59 1190 193 1252 mitanum
219 1189 405 1274 appellabat,
436 1189 512 1254 hene
534 1193 757 1258 conventionem
774 1213 839 1260 curn
856 1193 980 1260 Venetis
1003 1195 1176 1280 pepigisse,
1200 1199 1231 1257 et
1297 1261 1303 1272 ,

60 1298 210 1381 probabile
226 1305 282 1374 est,
303 1305 333 1364 et
348 1297 413 1386 ipsd
429 1298 533 1366 cbartd
549 1304 767 1386 comprobatur.
792 1303 837 1366 De
859 1303 906 1368 his
922 1304 1012 1369 rebus
1028 1304 1118 1368 adeas
1134 1303 1228 1368 Wil-

59 1405 133 1472 len.
149 1407 324 1492 Kreuaadge
336 1410 372 1474 T.
384 1408 434 1482 lll,
451 1429 479 1494 p.
495 1411 558 1474 323
575 1431 641 1496 sqq.
664 1413 708 1476 De
720 1409 855 1478 Conrado
870 1413 994 1478 eundem
1006 1413 1046 1477 ib.
1061 1434 1090 1498 p.
1105 1414 1169 1478 217
1184 1433 1229 1498 sq.

13 1607 14 1612 γ
60 1515 114 1579 251
134 1536 180 1602 sq.
200 1555 245 1564 —
268 1517 445 1581 Romanin
463 1519 481 1580 l.
499 1518 518 1581 l.
537 1518 572 1590 ll,
591 1519 665 1592 133.
684 1517 759 1584 413.

13 1637 14 1708 Ῑ
143 1632 178 1701 ln
198 1633 328 1702 nomine
347 1638 458 1702 sancte
479 1640 512 1703 et
536 1633 695 1705 individue
719 1635 888 1718 trinitatis,
916 1635 1021 1706 Patris
1046 1642 1080 1707 et
1103 1635 1172 1706 Filii
1198 1641 1232 1706 et

13 1807 14 1838 ,
60 1757 194 1852 Spiritus
213 1759 335 1830 Sancti.
363 1759 477 1830 Amen.

142 1887 187 1958 Ut
214 1888 355 1956 veritatis
383 1887 537 1956 memoria
564 1886 787 1982 inposterum
814 1894 1042 1971 conservetur,
1073 1889 1231 1972 omnibus,

60 2019 118 2084 tam
131 2014 350 2108 presentibus,
365 2037 459 2108 quam
471 2013 597 2096 bituris,
617 2014 769 2110 liquidum
784 2022 950 2110 appareat,
965 2014 1051 2110 quod
1066 2037 1130 2107 ego
1142 2017 1232 2086 (lon-

13 2131 14 2214 {
58 2142 165 2224 radus,
200 2141 395 2212 marchionis
424 2141 542 2212 blontis
570 2141 683 2212 serrati
712 2140 807 2226 lilius,
835 2165 895 2236 per
924 2141 976 2210 dci
1009 2141 1146 2234 gratiam
1173 2165 1230 2210 ren

13 2289 15 2366 p
57 2268 318 2340 ierosolimorum
342 2267 476 2352 electus,
503 2275 535 2339 et
563 2267 691 2340 domina
715 2269 862 2354 lsabella,
887 2292 969 2339 uror
987 2292 1069 2352 mea,
1096 2267 1230 2339 illustris

13 3319 16 3442 l

13 3749 15 3756 r

13 3767 15 3776 a

60 2395 213 2489 quondam
232 2397 321 2490 regis
339 2395 489 2466 Amalrici
509 2395 729 2476 lilia,.insimul
749 2396 1008 2479 consentientes,
1037 2396 1230 2466 auctoritate

59 2529 89 2592 et
105 2545 266 2593 consensu
285 2521 403 2594 domini
422 2521 584 2618 phylippi,
612 2521 663 2593 dei
683 2524 789 2616 gratia
808 2523 1003 2594 serenissimi
1022 2521 1112 2616 regis
1126 2523 1230 2593 Fran·
1342 2525 1344 2536 '

60 2672 183 2732 eorum,
209 2656 244 2719 et
262 2649 381 2720 domini
405 2651 568 2746 Phylippi,
597 2652 723 2724 comitis
743 2651 910 2736 Flandrie‚
940 2659 973 2723 et
998 2649 1118 2722 domini
1141 2651 1232 2720 ducis

59 2777 251 2872 burgundie,
279 2785 311 2848 et
330 2777 448 2854 domini
468 2776 558 2849 ducis
577 2779 797 2863 deoderico,
816 2787 850 2850 et
869 2779 1008 2850 omnium
1027 2777 1178 2848 comitum
1198 2781 1232 2846 et

61 2904 208 2976 baronum
223 2885 383 2976 exercitus
398 2903 653 2977 Christianorum
666 2905 879 2989 Acconensis,
899 2929 961 2976 nec
976 2927 1040 2976 non
1055 2903 1229 2975 autoritate

62 3037 90 3101 et
110 3055 272 3102 consensu
291 3031 410 3102 domini
428 3033 521 3115 dosii,
541 3033 696 3126 'l'yrensis
716 3031 965 3127 archiepiscopi,
986 3037 1019 3102 et
1038 3030 1156 3102 domini
1175 3031 1228 3114 R,

60 3159 251 3232 Betlemitaui
271 3161 428 3256 episcopi,
449 3166 482 3230 et
500 3159 727 3231 venerabilium
746 3159 946 3232 dominorum
978 3157 1087 3228 militie
1106 3156 1231 3252 Templi

62 3293 89 3355 et
104 3287 295 3381 Hospitalis,
322 3286 529 3358 concedimus
553 3293 587 3357 et
609 3282 834 3358 confirmamus
859 3291 955 3380 atque
975 3283 1231 3356 conroboramus

61 3414 140 3484 robis
165 3415 335 3485 Dominico
356 3414 522 3486 couterini
550 3419 583 3483 et
606 3413 745 3485 Johauni
770 3413 945 3496 llorecini‚
970 3411 1086 3508 legatis
1112 3409 1231 3483 domiui

62 3539 148 3611 Aurei
167 3540 313 3634 Magistri
333 3539 434 3624 Petri,
453 3539 552 3610 Ducis
566 3539 711 3624 Venetie,
731 3539 960 3635 recipientibus
979 3565 1039 3634 pro
1054 3541 1125 3636 ipso
1140 3537 1232 3608 Duce

13 3723 15 3748 ,
64 3672 90 3735 et
106 3669 174 3762 ejus
194 3667 443 3740 suecessoribus
463 3674 496 3738 et
519 3691 579 3762 pro
600 3668 728 3738 comuni
748 3665 880 3738 Venetis
899 3691 1012 3738 omnes
1032 3667 1180 3737 dationes
1200 3669 1233 3735 et

63 3795 295 3878 concessiones,
314 3802 421 3866 terras
440 3800 473 3865 et
490 3795 730 3888 possessiones,
750 3793 891 3866 honores
907 3799 940 3864 et
952 3794 1117 3864 libertates
1136 3797 1232 3888 atque

13 3935 15 3950 ’
62 3921 153 3992 curias
167 3921 244 3993 olim
260 3944 435 3992 concessas
452 3928 484 3992 et
499 3922 590 3992 datas
609 3921 777 3992 Dominico
792 3917 931 4002 llicheli‚
950 3919 1032 3991 Ituci
1048 3917 1193 4002 Venetis,
1212 3939 1231 3988 a

64 4045 287 4131 lb'uarmundm
302 4055 417 4119 sancte
431 4049 568 4120 civitatis
582 4047 849 4119 lerosolimorum
859 4046 1021 4142 quondam
1035 4043 1232 4142 patriarcha,

64 4172 136 4246 sicut
160 4177 191 4246 in
217 4175 387 4270 priuilegio
412 4175 512 4270 ipsius
535 4173 719 4268 patriarche
739 4197 898 4245 concesso
919 4179 952 4244 et
972 4173 1047 4244 dato
1068 4173 1128 4268 ipsi
1147 4171 1231 4244 Duci

65 4295 219 4372 dominico
246 4299 375 4371 llicheli
399 4301 599 4384 continetur,
625 4301 773 4371 videlicet
790 4301 822 4370 in
842 4301 930 4394 'Pyro
951 4305 984 4370 et
1003 4307 1093 4370 extra
1111 4299 1232 4394 Tyrum

67 4433 95 4494 et
110 4433 176 4498 toto
195 4427 267 4522 ejus
285 4427 465 4510 territorio,
486 4426 574 4522 quod
591 4426 689 4498 bodie
709 4427 790 4520 (deo
807 4427 948 4521 gratias)
964 4427 1179 4522 possidemus,
1200 4433 1234 4498 et

69 4559 151 4624 suba
167 4554 227 4626 deo
242 4553 446 4626 concedente
465 4553 714 4646 possidebimus,
734 4554 944 4628 concedimus
960 4561 994 4626 et
1008 4555 1233 4627 confirmamus
