3130 5078
411 283 504 340 Earar.
517 283 603 340 nucia
616 285 724 342 Vener.
737 301 774 341 an
786 283 882 338 laroc.
895 283 938 338 lll.
1187 271 1258 346 521

87 451 463 546 Constantinopolitanus
487 452 686 548 Imperator,
710 478 728 525 a
754 453 816 524 cleo
841 459 1018 524 coronatus
1042 453 1263 524 Romanorum

86 581 274 651 moderator
288 585 322 650 et
335 602 464 674 semper
477 577 658 674 Augustus,
677 580 847 652 Elandriae
865 580 1072 674 llayniaeque
1082 573 1112 673 ¹)
1133 583 1265 665 Comes,

85 731 159 778 cum
178 707 285 778 debita
304 707 510 798 subjectione
530 706 747 778 obedientiam
766 706 917 778 humilem
937 713 971 777 et
989 709 1149 778 devotam.

175 832 301 904 Statum
321 839 354 902 et
371 855 562 927 processum
581 836 741 906 exercitus
761 834 935 906 Christiani
955 841 988 906 et
1012 841 1160 906 nostrum
1179 857 1264 906 nun-

84 963 138 1033 tiis
157 967 191 1032 et
208 960 311 1032 literis
331 960 452 1031 nostris
466 933 651 1054 paternitati
664 967 792 1031 vestrae
806 959 931 1054 plenius
946 961 1136 1053 explanasse
1151 963 1264 1032 memi-

88 1089 204 1160 nimus.
233 1086 330 1158 Nunc
356 1093 463 1157 autem
491 1089 725 1158 conventiones
750 1088 836 1159 inter
862 1111 924 1158 nos
951 1095 984 1158 et
1009 1087 1205 1184 peregrinos
1226 1111 1266 1158 ex

86 1237 149 1286 una
172 1219 279 1310 parte,
307 1219 340 1284 et
358 1211 598 1306 [Hennaeamffl
627 1212 750 1285 Ducem
770 1213 979 1298 Venetorum,
1005 1221 1039 1285 et
1062 1215 1206 1286 Venetos
1227 1237 1265 1284 ex

86 1341 200 1422 altera,
221 1345 296 1412 ante
311 1340 584 1434 expugnationem
599 1340 723 1434 Regiae
736 1340 873 1412 civitatis
891 1342 1027 1424 habitas,
1047 1341 1143 1435 sigilli
1158 1341 1264 1412 nostri

85 1468 259 1540 munimine
286 1466 477 1551 roboratas,
512 1467 604 1538 vobis
634 1469 816 1538 curarimus
844 1467 1023 1551 destinare,
1056 1469 1263 1540 sanctitatem

86 1601 245 1678 nestram,
272 1596 362 1672 sicut,
375 1600 534 1677 tenemur,
560 1595 715 1664 attentius
739 1601 917 1686 rogantes,
942 1601 977 1666 ut
997 1594 1100 1666 dictas
1119 1617 1264 1666 conuen-

83 1723 193 1794 tiones
211 1728 300 1792 ratas
318 1721 483 1805 babeatis,
510 1727 543 1791 et
562 1743 618 1792 eas
638 1721 842 1792 auctoritatis
866 1721 1074 1816 apostolicae,
1094 1721 1265 1792 munimine

86 1849 298 1928 confirmetis.
335 1847 548 1920 Sanctitatem
566 1848 685 1919 etenim
704 1853 844 1919 vestram
868 1871 967 1919 nosse
988 1847 1150 1931 volumus,
1178 1847 1265 1940 quod

85 1997 161 2046 cum
185 1981 364 2046 memorato
390 1975 480 2046 Duce
506 1980 539 2046 et
562 1973 694 2044 Venetis
719 1975 909 2046 societatem
935 1975 1052 2046 bonam
1078 1979 1113 2044 et
1137 1973 1265 2044 fidelem

84 2101 215 2172 insimul
234 2101 418 2184 habuimus,
444 2109 476 2173 et
495 2123 552 2172 eos
572 2106 809 2194 cooperatores
827 2102 1041 2195 probissimos
1061 2108 1094 2172 et
1113 2101 1265 2172 efficaces

85 2228 128 2300 ad
148 2229 307 2298 honorem
319 2229 379 2300 Dei
396 2235 429 2300 et
447 2233 578 2298 sanctae
591 2230 756 2298 Romanae
770 2226 939 2299 Ecclesiae
959 2234 993 2299 et
1007 2228 1134 2323 Imperii
1150 2229 1265 2310 nostri,

85 2356 174 2426 sicut
193 2355 261 2448 ipsa
279 2377 379 2450 opera
399 2354 634 2438 detnoustrant,
653 2354 841 2438 invenimus,
863 2361 896 2424 et
915 2357 945 2424 in
965 2355 1076 2426 futuro
1096 2355 1265 2426 desidera·

84 2505 157 2553 mus
175 2481 314 2566 habere,
343 2505 415 2552 cum
435 2479 527 2552 etad
546 2481 693 2581 regimen
713 2480 840 2575 Imperii
861 2483 981 2561 nostri,
1010 2481 1101 2553 etad
1122 2482 1264 2553 subven-

81 2609 207 2682 tionem
227 2608 352 2678 Terrae
370 2613 514 2691 sanctae‚
536 2614 569 2677 et
587 2607 627 2678 ad
646 2607 801 2678 unitatem
821 2608 989 2680 Ecclesiae
1009 2609 1264 2680 conservandam

81 2737 227 2806 societas
246 2757 357 2804 eorum
378 2735 463 2806 utilis
481 2735 523 2806 sit
542 2739 576 2803 et
594 2727 792 2818 necessaria,
811 2760 872 2808 nec
886 2737 956 2808 sine
971 2760 1083 2808 eorum
1103 2736 1262 2806 societate

83 2869 118 2932 et
133 2885 246 2933 amore
266 2862 435 2956 Imperium
454 2868 602 2931 nostrum
621 2863 662 2932 ad
680 2863 840 2934 honorem
854 2863 912 2934 Dei
933 2870 966 2934 et
985 2869 1114 2935 restrae
1132 2868 1266 2934 sanctae

52 3009 57 3020 ·
85 2988 185 3060 Sedis
204 2990 276 3083 regi
297 2989 403 3061 nalem
422 2994 658 3082 competenter.

596 3169 761 3242 cxxvlll.

238 3311 354 3408 leartel
369 3309 495 3375 aarum
511 3311 597 3374 buels
614 3311 787 3374 Venetorum
804 3311 841 3373 ml
859 3309 963 3393 lapan
979 3310 1115 3392 epistola.

79 3456 231 3520 Excusat
252 3477 286 3520 se
307 3457 347 3520 de
370 3455 482 3520 excisa
504 3453 643 3526 Jndera,
671 3453 763 3518 etde
785 3461 970 3540 enpnpnate
996 3453 1268 3538 Constantinopoli

78 3565 238 3628 rationem
249 3565 356 3629 reddit
361 3588 374 3640 ;
390 3564 508 3628 caindo
522 3563 695 3650 mepplicot,
711 3571 745 3626 ut
760 3563 937 3648 petitiones,
954 3583 1031 3648 qnos
1047 3562 1182 3646 etfacit,
1200 3581 1264 3647 per

448 3673 575 3737 nuntios
591 3673 723 3760 benique
738 3671 902 3736 exuamini.

567 3797 597 3850 n.
611 3797 637 3850 a.
653 3797 721 3851 mos
733 3795 787 3868 (r).

175 3907 300 3972 lnnoc.
324 3907 360 3971 lll
391 3909 480 3991 epist.
505 3906 556 3970 lib.
582 3907 648 3979 Vll,
681 3927 728 3990 ep.
754 3905 828 3970 ceu
853 3905 901 3970 ed.
927 3905 1145 3990 brequigny
1169 3905 1206 3968 Τ.
1230 3907 1264 3978 ll,

76 4037 151 4101 pag.
170 4016 246 4082 618.
271 4016 451 4102 Rapnald.
471 4017 489 4080 l.
506 4017 525 4080 l.
543 4019 576 4101 ᾗ.
594 4018 624 4080 2.
650 4016 712 4081 Cir.
730 4015 892 4080 Willren.
917 4011 1168 4098 1.1.v‚p.334.
1188 4015 1263 4078 335.

151 4166 354 4238 ·Venerabili
383 4168 415 4234 in
443 4165 574 4236 Christo
600 4167 683 4259 petri
714 4177 748 4236 et
775 4167 903 4236 domino
933 4165 1180 4258 l[nnocentio],
1211 4165 1261 4236 dei

75 4295 189 4387 gratia
207 4301 339 4364 sanctae
360 4295 523 4363 Romanae
538 4292 707 4362 Ecclesiae
726 4315 849 4362 summo
869 4293 1033 4372 Pontifici,
1054 4292 1264 4384 H[enricns]

102 4501 132 4574 ¹)
155 4503 347 4574 llapnaque
367 4499 460 4571 Breq.;
479 4460 646 4574 Apuaeqlue
665 4501 747 4574 Rapo.
