3130 5078
274 305 371 358 lunae.
384 303 417 358 lll
431 320 521 358 amsa.
536 321 572 358 aa
585 305 735 360 llsaaruou
749 305 910 360 Daunuuuu
923 305 991 360 Duc.
1004 304 1071 360 Vna.
1182 294 1253 366 531

172 477 326 547 Secundo
351 497 429 546 uero
454 475 550 546 iidem
575 477 677 546 nuntii
696 497 713 546 a
734 475 829 546 nobis
849 481 999 570 exparte
1019 480 1074 546 tua
1098 473 1261 547 humiliter

83 601 306 694 postularunt,
331 609 386 684 ut,
412 624 486 673 cum
505 604 549 673 sis
569 603 742 673 coniectus
761 603 853 674 senio
874 609 908 672 et
925 601 1039 673 labore
1058 605 1261 687 conbactus,

83 753 99 798 a
115 734 192 798 voto
206 730 482 822 peregrinationis
502 735 687 823 assumptae
706 737 740 800 te
759 729 931 801 absolvere
950 729 1170 824 dignaremur,
1191 755 1264 801 cum

84 853 287 926 nihilominus
307 856 386 927 velis
406 863 438 926 et
463 857 570 950 possis
599 857 776 928 efficaciter
803 881 1001 951 procurare,
1027 864 1065 928 ut
1082 859 1122 928 ad
1141 861 1265 930 Terrae

83 989 220 1054 sauctae
246 1005 437 1054 succursum
464 985 627 1078 caercitus
653 967 1024 1078 navigct'Siguatorum.
1059 987 1127 1056 Nos
1152 986 1264 1079 igitur,

83 1109 303 1194 attendentes,
323 1113 408 1204 quod
429 1119 505 1184 tuae
525 1111 774 1206 circumspectio
794 1112 981 1204 probitatis,
1007 1111 1167 1182 subtilitas
1182 1111 1265 1181 viva·

84 1239 131 1308 cis
161 1238 282 1330 ingenii
311 1247 344 1308 et
372 1239 498 1309 consilii
533 1239 701 1308 maturitas
730 1238 869 1308 sanioris
899 1239 1054 1309 exercitui
1083 1237 1266 1308 Christiano

85 1363 219 1434 multum
239 1365 280 1433 sit
299 1364 510 1460 imposterum
529 1365 712 1460 profutura,
733 1388 806 1436 cum
825 1365 1006 1458 Imperator
1025 1364 1214 1458 praedictus
1234 1371 1268 1435 et

85 1491 314 1584 Crucesignati
339 1493 479 1564 studium
498 1498 533 1564 et
552 1491 801 1563 sollicitudinem
824 1499 913 1562 tuam
933 1493 1142 1562 uehementer
1162 1491 1269 1562 extol·

85 1619 170 1700 lant,
199 1625 233 1688 et
251 1619 336 1688 inter
354 1617 501 1689 homines
521 1619 561 1690 de
580 1624 634 1690 tua
653 1621 848 1712 pracsertim
868 1619 1066 1690 discretione
1094 1619 1268 1702 confidant,

85 1743 234 1838 petitioni
254 1742 437 1838 hujusmodi
457 1745 499 1816 ad
514 1767 672 1839 praesens
688 1767 753 1816 non
768 1744 912 1816 duximus
928 1743 1144 1828 annuendum,
1164 1769 1206 1816 ne
1221 1744 1271 1814 vel

88 1870 183 1940 nobis
211 1871 424 1964 imputaretur
452 1872 492 1942 ab
521 1871 648 1965 aliquo,
682 1873 708 1940 si
741 1870 803 1942 hac
832 1873 1007 1942 occasione
1036 1869 1272 1941 dissolveretur

86 1999 251 2068 exercitus
261 1998 293 2066 in
303 1997 427 2068 Terrae
437 2003 571 2068 sanctae
586 1996 763 2066 subsidium
778 2005 1002 2090 praeparatus,
1019 1997 1069 2066 vel
1084 1997 1141 2066 tibi
1156 2003 1271 2090 posset

87 2124 252 2216 abaliquo
272 2124 439 2218 derogari,
459 2125 547 2218 quod
563 2147 627 2193 non
644 2125 675 2192 in
692 2125 880 2217 obsequium
896 2124 1038 2195 crucifixi
1058 2123 1271 2215 assumpseris

89 2255 220 2346 signum
248 2253 372 2334 crucis,
401 2252 439 2334 si,
468 2259 556 2322 tuam
584 2255 619 2320 et
645 2255 776 2320 tuorum
800 2252 868 2343 jam
895 2251 981 2322 ultus
1010 2249 1178 2341 injuriam,
1206 2273 1271 2321 non

91 2379 300 2450 ulciscereris
330 2377 539 2472 opprobrium
567 2377 645 2446 lesu
675 2377 814 2462 Christi,
844 2383 896 2462 et,
925 2377 1096 2447 debellatis
1124 2375 1274 2448 hostibus

93 2507 178 2589 tuis,
204 2506 318 2575 hostes
337 2505 410 2574 fidei
430 2503 618 2596 negligeres
638 2503 815 2574 debellare.
844 2504 962 2574 Verum
983 2528 1073 2586 cum,
1093 2502 1179 2572 sicut
1198 2525 1273 2573 cre-

94 2635 220 2718 dimus,
250 2632 476 2724 Crucesiguati
502 2629 607 2700 adbuc
627 2631 901 2724 peregrinationis
919 2631 1123 2726 propositum
1143 2630 1276 2702 differre

95 2766 301 2854 proponant,
330 2757 428 2828 etad
458 2756 659 2866 solidandum
689 2757 861 2849 lmperium
885 2780 1054 2828 remanere
1083 2757 1219 2852 amplius
1245 2760 1278 2828 in

95 2875 246 2982 partibus
265 2885 452 2965 Romaniac,
473 2885 560 2953 circa
579 2889 698 2954 statum
718 2889 806 2953 tuum
827 2889 861 2953 et
875 2885 1102 2954 necessitatem
1119 2885 1279 2956 exercitus

98 3011 316 3106 cogitabimus
327 3011 473 3104 amplius,
485 3015 518 3079 et
527 3015 719 3092 statuemus,
734 3009 830 3080 dante
843 3009 994 3094 Domino,
1010 3011 1097 3103 quod
1108 3011 1279 3082 viderimus

98 3140 265 3234 expedire.

190 3265 359 3336 llloncmus
373 3265 473 3357 igitur
487 3263 687 3333 nobilitatem
702 3270 789 3334 trram
804 3268 836 3333 ct
855 3261 1063 3337 exhortamur
1078 3267 1110 3334 in
1125 3265 1276 3350 Domino,

100 3397 135 3464 ct
153 3415 213 3486 per
232 3392 413 3484 apostolica
432 3390 489 3459 tibi
508 3391 629 3483 scripta
649 3391 847 3473 mandamus,
869 3397 1039 3482 quatenus,
1068 3417 1140 3463 cum
1161 3395 1279 3464 mundo

99 3519 252 3590 servieris
272 3519 431 3589 hactenus
452 3523 541 3586 etex
561 3516 623 3586 hoc
642 3540 707 3587 non
734 3517 891 3586 modicam
910 3517 1048 3611 gloriam
1066 3520 1168 3590 fueris
1188 3543 1280 3590 asse-

101 3653 209 3730 cutus,
231 3645 271 3715 dc
290 3651 402 3715 cetero
423 3643 561 3714 Domino
581 3642 720 3712 fideliter
739 3643 879 3723 servias3
902 3651 935 3714 et
953 3669 1020 3715 non
1038 3645 1109 3728 tibi,
1129 3646 1188 3716 sed
1209 3647 1281 3739 ejus

101 3773 222 3844 nomini
242 3773 301 3842 des
319 3769 496 3852 honorem,
520 3768 685 3839 honorans
705 3769 869 3841 ministros
890 3771 991 3864 ipsius
1012 3777 1045 3842 et
1064 3771 1230 3843 Ecclesias
1251 3775 1280 3843 in

101 3923 161 3974 sua
180 3899 306 3972 ratione
327 3897 524 3978 defendens,
551 3903 586 3965 ut
610 3896 649 3966 ab
675 3919 714 3965 eo
742 3895 870 3965 delendi
895 3903 928 3968 et
952 3899 1084 3992 protegi
1113 3901 1281 3983 merearis,

100 4030 157 4123 qui
182 4027 302 4098 nullum
327 4025 445 4096 bonum
470 4024 739 4092 irremuneratum
764 4023 933 4116 relinquit,
961 4031 995 4094 et
1020 4025 1140 4094 nullum
1164 4027 1280 4096 malum

100 4154 229 4228 deserit
243 4151 446 4246 impunitum;
463 4149 604 4218 sciturus
619 4173 678 4243 pro
690 4155 796 4233 certo,
808 4149 906 4242 quod,
923 4157 1076 4242 quantum
1088 4175 1161 4222 cum
1176 4153 1282 4224 hone·

99 4289 190 4355 state
203 4285 316 4352 nostra
332 4277 523 4372 poterimus,
543 4275 584 4344 ad
599 4275 756 4344 honorem
771 4283 861 4346 tuum
876 4277 1053 4348 efficaciter
1068 4277 1283 4349 intendemus.

194 4408 311 4478 llatum
321 4407 439 4484 Rosia,
455 4401 538 4495 apud
554 4409 701 4472 sanctum
712 4403 855 4486 Petrum,
873 4404 923 4474 lV.
936 4404 1093 4475 Kalendas
1105 4405 1284 4475 Februarii.

1009 4596 1073 4649 34·
