3130 5078
308 332 382 406 532
496 341 590 396 luuoc.
604 341 638 396 lll
651 357 741 395 neren.
755 357 791 395 an
806 341 956 394 llnumcuu
971 340 1131 394 Daununuu
1146 337 1213 394 nuc.
1227 337 1296 392 Vsu.

850 511 972 582 XXXll.

462 637 648 700 Innocentius
665 635 705 698 lll
723 514 895 698 nobilllllrs
912 635 1042 712 terrico,
1058 634 1130 697 ltncl
1146 633 1330 696 Venetorum.

631 779 736 865 lpsiuo
752 779 977 843 absolutionem
994 781 1164 863 confirmem.

669 923 698 975 Α.
712 921 739 975 d.
753 921 832 983 1205,
847 921 888 974 tlie
901 921 945 976 29.
959 937 992 973 m.
1006 920 1130 974 tannarii.

395 1052 516 1116 lnnoc.
543 1051 580 1114 lll
604 1053 691 1134 epist.
717 1051 766 1114 lib.
795 1049 852 1123 Vll,
878 1071 925 1135 ep.
951 1049 1054 1115 ccvss
1079 1051 1127 1114 ed.
1153 1050 1376 1133 brequigny
1399 1047 1434 1109 T.
1453 1047 1489 1122 ΙΙ,

307 1179 376 1244 pag.
395 1161 470 1224 625.

394 1296 457 1364 Per
481 1301 555 1364 tuas
582 1293 676 1363 nobis
704 1293 814 1362 literas
834 1293 1006 1374 intimasti,
1036 1293 1123 1385 quod
1143 1292 1182 1360 ‹le
1203 1289 1356 1360 mandato
1376 1287 1488 1358 dilecti

303 1418 369 1502 lilii,
392 1419 538 1512 P[etra],
558 1421 641 1492 tituli
661 1421 763 1490 sancti
780 1419 921 1490 Marcelli
941 1419 1131 1512 presbyteri.
1145 1416 1329 1498 cardinalis,
1349 1425 1489 1510 aposto-

303 1545 385 1617 licae
417 1545 513 1617 Sedis
545 1547 683 1640 Legati,
719 1553 754 1616 tu
785 1569 857 1614 cum
890 1546 955 1615 tuis
983 1545 1198 1616 absolutionis
1228 1543 1421 1614 beneficium
1453 1567 1489 1612 es

303 1672 450 1766 adeptus.
478 1673 546 1744 Nos
573 1674 683 1766 igitur,
710 1672 806 1742 tidem
826 1672 920 1742 dictis
939 1671 1043 1743 literis
1063 1671 1273 1754 adhibentes,
1301 1677 1335 1740 te
1355 1695 1394 1741 ac
1408 1677 1487 1739 tuos

302 1805 491 1892 reputamus
517 1801 556 1871 ab
579 1799 920 1871 excommunicationis
936 1799 1063 1869 vinculo
1078 1797 1257 1880 absolutos,
1279 1805 1323 1875 et,
1344 1799 1371 1866 si
1391 1797 1488 1867 solitu

302 1925 406 1996 torma
420 1925 588 1997 Ecclesiae
609 1929 640 1996 in
653 1934 760 1997 vestra
780 1925 840 1996 tuit
859 1925 1064 1997 absolutione
1084 1933 1222 2005 servata,
1244 1931 1373 2018 gratum
1392 1925 1485 2017 geri-

304 2075 374 2122 mus
394 2059 428 2123 et
447 2059 626 2146 acceptum.
658 2052 821 2146 Alioquin,
849 2055 936 2146 quod
962 2053 1076 2135 deluit,
1104 2051 1247 2146 suppleri
1268 2052 1426 2134 volumus,
1457 2057 1488 2119 et

301 2180 506 2258 mandamus,
533 2204 573 2250 ne
594 2181 625 2250 in
645 2203 786 2274 persona
806 2187 860 2250 tua
879 2179 1045 2250 videamur
1064 2179 1182 2274 aliquid
1201 2181 1370 2261 omisisse,
1398 2177 1486 2271 quod

299 2307 331 2375 in
358 2307 529 2378 Ecclesiae
558 2307 793 2402 praejudicium
821 2308 927 2402 possit
955 2309 1167 2401 imposterum
1196 2305 1342 2396 allegari.
1378 2307 1486 2397 Super

299 2433 363 2504 boc
383 2441 491 2504 autem
512 2458 551 2506 ex
569 2435 784 2528 responsione
811 2434 984 2506 cardinalis
1005 2435 1151 2527 ejusdem
1171 2439 1380 2526 expectamus
1400 2431 1484 2501 ellici

302 2561 476 2631 certiores.

388 2687 505 2758 Datum
524 2689 643 2769 noan,
664 2689 747 2780 apud
767 2695 914 2759 sanctum
935 2687 1085 2769 Petrum,
1106 2686 1147 2756 lV
1166 2686 1234 2758 Kal.
1255 2687 1436 2758 Februarii.

810 2869 973 2940 cxxxlll.

345 2989 532 3054 lnnocentlus
548 2990 589 3052 ΙΙΙ
606 2990 758 3070 belluino,
778 2991 891 3054 lllnstrl
907 2991 1234 3074 bonstontlnopolltano
1251 2993 1436 3074 lnperstorl.

296 3133 471 3208 Pactioncs,
489 3135 593 3222 mmcd
605 3134 789 3198 divisionem
801 3135 1033 3222 possessionum
1049 3135 1345 3208 eccleaiosticumon,
1361 3136 1481 3200 irritat.

654 3275 685 3330 Α.
699 3275 724 3330 d.
739 3277 817 3338 1205,
830 3276 872 3330 die
885 3277 910 3332 8.
925 3294 958 3330 m.
971 3275 1121 3331 Februario.

387 3407 511 3471 lnnoc.
535 3407 573 3470 lll
597 3407 685 3491 epist.
710 3405 761 3470 lib.
788 3406 852 3479 Vll,
877 3428 924 3492 ep.
943 3405 1056 3472 ccvlu
1080 3408 1128 3471 ed.
1153 3407 1374 3491 brequigny
1390 3408 1426 3470 Τ.
1446 3408 1480 3480 ll,

299 3533 368 3598 pag.
386 3515 462 3578 626.
587 3511 592 3516 ’

387 3647 534 3733 Qualiter
552 3647 639 3716 circa
659 3647 828 3739 negotium
847 3645 957 3717 dilecti
977 3645 1043 3728 lilii,
1065 3646 1267 3738 T[homoc],
1289 3648 1480 3719 Constanti-

299 3773 477 3868 nopolitani
497 3772 603 3857 electi,
631 3773 776 3845 duximus
795 3775 1051 3868 procedendum,
1076 3796 1136 3868 per
1155 3773 1234 3842 alias
1252 3772 1379 3858 literas,
1400 3798 1482 3866 quas

299 3906 376 3971 tuae
401 3901 560 3994 lmperiali
590 3900 778 3971 sublimitati
807 3901 1043 3972 transmisimus
1053 3893 1095 3994 ¹),
1124 3900 1248 3994 plenius
1275 3871 1333 3972 tibi
1361 3905 1485 3995 poterit

299 4027 440 4098 elucere.

385 4155 503 4224 Verum
523 4155 597 4246 quia
621 4155 706 4223 inter
725 4161 757 4223 te
777 4162 810 4224 et
828 4157 1024 4246 peregrinos
1044 4179 1081 4226 en
1101 4177 1164 4226 una
1183 4163 1295 4247 parte,
1323 4179 1363 4228 ac
1383 4157 1481 4228 nobi·

296 4279 360 4352 lem
380 4281 498 4365 nuum,
526 4279 750 4372 Hstmtcum]
768 4280 891 4352 Ducem
910 4289 945 4353 et
964 4282 1108 4354 Venetos
1128 4283 1305 4364 exaltem,
1325 4284 1482 4374 quasdam

327 4543 351 4614 ¹)
371 4545 423 4597 Cir.
438 4561 516 4614 supra
531 4563 568 4597 nr.
583 4545 680 4598 cxxx.
