<?xml version="1.0" encoding="UTF-8"?>
<!DOCTYPE html PUBLIC "-//W3C//DTD XHTML 1.0 Transitional//EN"
    "http://www.w3.org/TR/xhtml1/DTD/xhtml1-transitional.dtd">
<html xmlns="http://www.w3.org/1999/xhtml" xml:lang="en" lang="en">
 <head>
  <title>
</title>
<meta http-equiv="Content-Type" content="text/html;charset=utf-8" />
  <meta name='ocr-system' content='tesseract 3.04.00' />
  <meta name='ocr-capabilities' content='ocr_page ocr_carea ocr_par ocr_line ocrx_word'/>
</head>
<body>
  <div class='ocr_page' id='page_1' title='image "./fontesrerumaust07kommgoog_0164.png"; bbox 0 0 3130 5082; ppageno 0'>
   <div class='ocr_carea' id='block_1_1' title="bbox 413 349 1275 422">
    <p class='ocr_par' dir='ltr' id='par_1_1' title="bbox 413 349 1275 422">
     <span class='ocr_line' id='line_1_1' title="bbox 413 349 1275 422; baseline 0.015 -13"><span class='ocrx_word' id='word_1_1' title='bbox 413 355 530 414; x_wconf 73' lang='lat' dir='ltr'><strong>Varenus</strong></span> <span class='ocrx_word' id='word_1_2' title='bbox 544 357 705 412; x_wconf 72' lang='lat' dir='ltr'><strong>llrounnrs</strong></span> <span class='ocrx_word' id='word_1_3' title='bbox 719 357 806 414; x_wconf 83' lang='lat' dir='ltr'><strong>Ducrs</strong></span> <span class='ocrx_word' id='word_1_4' title='bbox 820 375 954 414; x_wconf 80' lang='lat' dir='ltr'><strong>nouarro.</strong></span> <span class='ocrx_word' id='word_1_5' title='bbox 1204 349 1275 422; x_wconf 78' lang='grc'><strong>141</strong></span> 
     </span>
    </p>
   </div>
   <div class='ocr_carea' id='block_1_2' title="bbox 85 521 1282 1757">
    <p class='ocr_par' dir='ltr' id='par_1_2' title="bbox 85 521 1282 1757">
     <span class='ocr_line' id='line_1_2' title="bbox 85 521 1282 623; baseline 0.007 -31"><span class='ocrx_word' id='word_1_6' title='bbox 85 521 168 594; x_wconf 86' lang='lat' dir='ltr'><strong>latus</strong></span> <span class='ocrx_word' id='word_1_7' title='bbox 202 525 388 608; x_wconf 89' lang='lat' dir='ltr'><strong>sinistrum,</strong></span> <span class='ocrx_word' id='word_1_8' title='bbox 423 533 458 596; x_wconf 86' lang='lat' dir='ltr'><strong>et</strong></span> <span class='ocrx_word' id='word_1_9' title='bbox 485 526 592 596; x_wconf 83' lang='lat' dir='ltr'><strong>firmat</strong></span> <span class='ocrx_word' id='word_1_10' title='bbox 626 550 691 598; x_wconf 92' lang='lat' dir='ltr'><strong>uno</strong></span> <span class='ocrx_word' id='word_1_11' title='bbox 721 529 828 621; x_wconf 87' lang='lat' dir='ltr'><strong>capite</strong></span> <span class='ocrx_word' id='word_1_12' title='bbox 856 530 888 600; x_wconf 92' lang='lat' dir='ltr'><strong>in</strong></span> <span class='ocrx_word' id='word_1_13' title='bbox 918 552 1002 622; x_wconf 81' lang='lat' dir='ltr'><strong>ruga</strong></span> <span class='ocrx_word' id='word_1_14' title='bbox 1036 529 1213 623; x_wconf 82' lang='lat' dir='ltr'><strong>Magistra,</strong></span> <span class='ocrx_word' id='word_1_15' title='bbox 1248 537 1282 600; x_wconf 88' lang='lat' dir='ltr'><strong>et</strong></span> 
     </span>
     <span class='ocr_line' id='line_1_3' title="bbox 87 652 1161 748; baseline 0.005 -28"><span class='ocrx_word' id='word_1_16' title='bbox 87 652 296 744; x_wconf 76' lang='lat' dir='ltr'><strong>protenditur</strong></span> <span class='ocrx_word' id='word_1_17' title='bbox 314 675 418 746; x_wconf 88' lang='lat' dir='ltr'><strong>usque</strong></span> <span class='ocrx_word' id='word_1_18' title='bbox 437 653 479 724; x_wconf 84' lang='lat' dir='ltr'><strong>ad</strong></span> <span class='ocrx_word' id='word_1_19' title='bbox 497 653 687 724; x_wconf 79' lang='lat' dir='ltr'><strong>diuisionem</strong></span> <span class='ocrx_word' id='word_1_20' title='bbox 705 655 807 747; x_wconf 83' lang='lat' dir='ltr'><strong>Regis</strong></span> <span class='ocrx_word' id='word_1_21' title='bbox 826 654 866 725; x_wconf 90' lang='lat' dir='ltr'><strong>ab</strong></span> <span class='ocrx_word' id='word_1_22' title='bbox 886 663 1027 748; x_wconf 87' lang='lat' dir='ltr'><strong>utroque</strong></span> <span class='ocrx_word' id='word_1_23' title='bbox 1046 655 1161 726; x_wconf 90' lang='lat' dir='ltr'><strong>latere.</strong></span> 
     </span>
     <span class='ocr_line' id='line_1_4' title="bbox 177 777 1279 874; baseline 0.004 -26"><span class='ocrx_word' id='word_1_24' title='bbox 177 779 315 870; x_wconf 78' lang='lat' dir='ltr'>Insuper</span> <span class='ocrx_word' id='word_1_25' title='bbox 331 777 445 850; x_wconf 91' lang='lat' dir='ltr'><strong>damus</strong></span> <span class='ocrx_word' id='word_1_26' title='bbox 464 786 498 850; x_wconf 89' lang='lat' dir='ltr'><strong>et</strong></span> <span class='ocrx_word' id='word_1_27' title='bbox 517 779 682 850; x_wconf 82' lang='lat' dir='ltr'><strong>offerimus</strong></span> <span class='ocrx_word' id='word_1_28' title='bbox 697 781 845 852; x_wconf 88' lang='lat' dir='ltr'><strong>similiter</strong></span> <span class='ocrx_word' id='word_1_29' title='bbox 864 781 925 874; x_wconf 89' lang='lat' dir='ltr'><strong>ipsi</strong></span> <span class='ocrx_word' id='word_1_30' title='bbox 945 782 1037 874; x_wconf 93' lang='lat' dir='ltr'><strong>operi</strong></span> <span class='ocrx_word' id='word_1_31' title='bbox 1052 783 1163 854; x_wconf 80' lang='lat' dir='ltr'><strong>Sancti</strong></span> <span class='ocrx_word' id='word_1_32' title='bbox 1179 782 1279 853; x_wconf 86' lang='lat' dir='ltr'><strong>Marci</strong></span> 
     </span>
     <span class='ocr_line' id='line_1_5' title="bbox 88 903 1278 1002; baseline 0.003 -29"><span class='ocrx_word' id='word_1_33' title='bbox 88 903 127 973; x_wconf 89' lang='lat' dir='ltr'><strong>ab</strong></span> <span class='ocrx_word' id='word_1_34' title='bbox 146 903 247 974; x_wconf 90' lang='lat' dir='ltr'><strong>bodie</strong></span> <span class='ocrx_word' id='word_1_35' title='bbox 267 905 299 974; x_wconf 92' lang='lat' dir='ltr'><strong>in</strong></span> <span class='ocrx_word' id='word_1_36' title='bbox 319 912 416 976; x_wconf 90' lang='lat' dir='ltr'><strong>antea</strong></span> <span class='ocrx_word' id='word_1_37' title='bbox 434 905 549 976; x_wconf 91' lang='lat' dir='ltr'><strong>darum</strong></span> <span class='ocrx_word' id='word_1_38' title='bbox 569 913 602 976; x_wconf 91' lang='lat' dir='ltr'><strong>et</strong></span> <span class='ocrx_word' id='word_1_39' title='bbox 621 906 752 978; x_wconf 83' lang='lat' dir='ltr'><strong>furuum</strong></span> <span class='ocrx_word' id='word_1_40' title='bbox 777 906 818 976; x_wconf 92' lang='lat' dir='ltr'><strong>de</strong></span> <span class='ocrx_word' id='word_1_41' title='bbox 838 907 976 1000; x_wconf 80' lang='lat' dir='ltr'><strong>Tripoli,</strong></span> <span class='ocrx_word' id='word_1_42' title='bbox 995 930 1059 1002; x_wconf 90' lang='lat' dir='ltr'><strong>que</strong></span> <span class='ocrx_word' id='word_1_43' title='bbox 1074 913 1151 980; x_wconf 90' lang='lat' dir='ltr'><strong>sunt</strong></span> <span class='ocrx_word' id='word_1_44' title='bbox 1173 909 1278 977; x_wconf 82' lang='lat' dir='ltr'><strong>nostri</strong></span> 
     </span>
     <span class='ocr_line' id='line_1_6' title="bbox 89 1031 1280 1125; baseline 0.003 -26"><span class='ocrx_word' id='word_1_45' title='bbox 89 1032 247 1102; x_wconf 87' lang='lat' dir='ltr'><strong>comunis.</strong></span> <span class='ocrx_word' id='word_1_46' title='bbox 278 1032 358 1104; x_wconf 77' lang='lat' dir='ltr'><strong>Haec&#39;</strong></span> <span class='ocrx_word' id='word_1_47' title='bbox 378 1033 496 1114; x_wconf 89' lang='lat' dir='ltr'><strong>omnia,</strong></span> <span class='ocrx_word' id='word_1_48' title='bbox 515 1031 667 1103; x_wconf 80' lang='lat' dir='ltr'><strong>videlicet</strong></span> <span class='ocrx_word' id='word_1_49' title='bbox 694 1053 827 1125; x_wconf 83' lang='lat' dir='ltr'><strong>rugam,</strong></span> <span class='ocrx_word' id='word_1_50' title='bbox 854 1033 969 1104; x_wconf 91' lang='lat' dir='ltr'><strong>darum</strong></span> <span class='ocrx_word' id='word_1_51' title='bbox 994 1040 1028 1103; x_wconf 91' lang='lat' dir='ltr'><strong>et</strong></span> <span class='ocrx_word' id='word_1_52' title='bbox 1051 1034 1181 1104; x_wconf 84' lang='lat' dir='ltr'><strong>furnum</strong></span> <span class='ocrx_word' id='word_1_53' title='bbox 1207 1056 1280 1103; x_wconf 90' lang='lat' dir='ltr'><strong>cum</strong></span> 
     </span>
     <span class='ocr_line' id='line_1_7' title="bbox 88 1156 1277 1252; baseline 0.002 -26"><span class='ocrx_word' id='word_1_54' title='bbox 88 1157 237 1228; x_wconf 79' lang='lat' dir='ltr'><strong>omndrus</strong></span> <span class='ocrx_word' id='word_1_55' title='bbox 256 1156 386 1228; x_wconf 93' lang='lat' dir='ltr'><strong>illorum</strong></span> <span class='ocrx_word' id='word_1_56' title='bbox 406 1157 565 1228; x_wconf 88' lang='lat' dir='ltr'><strong>babentiis</strong></span> <span class='ocrx_word' id='word_1_57' title='bbox 586 1163 619 1228; x_wconf 92' lang='lat' dir='ltr'><strong>et</strong></span> <span class='ocrx_word' id='word_1_58' title='bbox 638 1159 856 1250; x_wconf 88' lang='lat' dir='ltr'><strong>pertinentiis,</strong></span> <span class='ocrx_word' id='word_1_59' title='bbox 884 1160 924 1230; x_wconf 88' lang='lat' dir='ltr'><strong>ab</strong></span> <span class='ocrx_word' id='word_1_60' title='bbox 944 1160 1032 1230; x_wconf 88' lang='lat' dir='ltr'><strong>intus</strong></span> <span class='ocrx_word' id='word_1_61' title='bbox 1052 1166 1086 1229; x_wconf 89' lang='lat' dir='ltr'><strong>ct</strong></span> <span class='ocrx_word' id='word_1_62' title='bbox 1103 1159 1197 1240; x_wconf 86' lang='lat' dir='ltr'><strong>loris,</strong></span> <span class='ocrx_word' id='word_1_63' title='bbox 1217 1159 1277 1252; x_wconf 93' lang='lat' dir='ltr'><strong>ipsi</strong></span> 
     </span>
     <span class='ocr_line' id='line_1_8' title="bbox 90 1283 1279 1376; baseline 0.003 -24"><span class='ocrx_word' id='word_1_64' title='bbox 90 1285 180 1375; x_wconf 92' lang='lat' dir='ltr'><strong>operi</strong></span> <span class='ocrx_word' id='word_1_65' title='bbox 199 1283 312 1354; x_wconf 78' lang='lat' dir='ltr'><strong>Sancti</strong></span> <span class='ocrx_word' id='word_1_66' title='bbox 330 1285 431 1354; x_wconf 86' lang='lat' dir='ltr'><strong>Marci</strong></span> <span class='ocrx_word' id='word_1_67' title='bbox 451 1289 611 1376; x_wconf 91' lang='lat' dir='ltr'><strong>perpetuo</strong></span> <span class='ocrx_word' id='word_1_68' title='bbox 632 1283 762 1367; x_wconf 89' lang='lat' dir='ltr'><strong>damus,</strong></span> <span class='ocrx_word' id='word_1_69' title='bbox 789 1286 955 1356; x_wconf 87' lang='lat' dir='ltr'><strong>cllerimus</strong></span> <span class='ocrx_word' id='word_1_70' title='bbox 974 1291 1074 1376; x_wconf 89' lang='lat' dir='ltr'><strong>atque</strong></span> <span class='ocrx_word' id='word_1_71' title='bbox 1092 1291 1279 1355; x_wconf 88' lang='lat' dir='ltr'><strong>transacta-</strong></span> 
     </span>
     <span class='ocr_line' id='line_1_9' title="bbox 88 1409 1279 1504; baseline 0.002 -26"><span class='ocrx_word' id='word_1_72' title='bbox 88 1431 159 1479; x_wconf 90' lang='lat' dir='ltr'><strong>mus</strong></span> <span class='ocrx_word' id='word_1_73' title='bbox 173 1410 412 1504; x_wconf 83' lang='lat' dir='ltr'><strong>imperpetuum</strong></span> <span class='ocrx_word' id='word_1_74' title='bbox 426 1409 612 1503; x_wconf 88' lang='lat' dir='ltr'><strong>plenissima</strong></span> <span class='ocrx_word' id='word_1_75' title='bbox 627 1417 791 1503; x_wconf 74' lang='lat' dir='ltr'><strong>potestate</strong></span> <span class='ocrx_word' id='word_1_76' title='bbox 806 1410 957 1492; x_wconf 87' lang='lat' dir='ltr'><strong>habendi,</strong></span> <span class='ocrx_word' id='word_1_77' title='bbox 973 1411 1117 1494; x_wconf 90' lang='lat' dir='ltr'><strong>tenendi,</strong></span> <span class='ocrx_word' id='word_1_78' title='bbox 1136 1411 1279 1495; x_wconf 83' lang='lat' dir='ltr'><strong>fruendi,</strong></span> 
     </span>
     <span class='ocr_line' id='line_1_10' title="bbox 88 1533 1281 1630; baseline 0.003 -27"><span class='ocrx_word' id='word_1_79' title='bbox 88 1533 216 1606; x_wconf 92' lang='lat' dir='ltr'><strong>locandi</strong></span> <span class='ocrx_word' id='word_1_80' title='bbox 245 1543 281 1606; x_wconf 89' lang='lat' dir='ltr'><strong>et</strong></span> <span class='ocrx_word' id='word_1_81' title='bbox 309 1559 422 1606; x_wconf 89' lang='lat' dir='ltr'><strong>omnes</strong></span> <span class='ocrx_word' id='word_1_82' title='bbox 449 1535 599 1606; x_wconf 88' lang='lat' dir='ltr'><strong>redditus</strong></span> <span class='ocrx_word' id='word_1_83' title='bbox 627 1535 668 1606; x_wconf 89' lang='lat' dir='ltr'><strong>de</strong></span> <span class='ocrx_word' id='word_1_84' title='bbox 696 1537 775 1628; x_wconf 87' lang='lat' dir='ltr'><strong>ipsis</strong></span> <span class='ocrx_word' id='word_1_85' title='bbox 802 1536 998 1628; x_wconf 88' lang='lat' dir='ltr'><strong>reeipiendi,</strong></span> <span class='ocrx_word' id='word_1_86' title='bbox 1027 1537 1115 1608; x_wconf 92' lang='lat' dir='ltr'><strong>nullo</strong></span> <span class='ocrx_word' id='word_1_87' title='bbox 1139 1561 1281 1630; x_wconf 91' lang='lat' dir='ltr'><strong>unquam</strong></span> 
     </span>
     <span class='ocr_line' id='line_1_11' title="bbox 89 1661 1280 1757; baseline 0.001 -25"><span class='ocrx_word' id='word_1_88' title='bbox 89 1669 238 1754; x_wconf 89' lang='lat' dir='ltr'><strong>tempore</strong></span> <span class='ocrx_word' id='word_1_89' title='bbox 257 1661 366 1754; x_wconf 84' lang='lat' dir='ltr'><strong>aliquo</strong></span> <span class='ocrx_word' id='word_1_90' title='bbox 387 1661 516 1732; x_wconf 89' lang='lat' dir='ltr'><strong>bomine</strong></span> <span class='ocrx_word' id='word_1_91' title='bbox 531 1661 790 1732; x_wconf 79' lang='lat' dir='ltr'><strong>contradicente.</strong></span> <span class='ocrx_word' id='word_1_92' title='bbox 822 1663 960 1757; x_wconf 87' lang='lat' dir='ltr'><strong>lnsuper</strong></span> <span class='ocrx_word' id='word_1_93' title='bbox 974 1665 1205 1734; x_wconf 87' lang='lat' dir='ltr'><strong>confirmamus</strong></span> <span class='ocrx_word' id='word_1_94' title='bbox 1220 1687 1280 1756; x_wconf 88' lang='lat' dir='ltr'><strong>per</strong></span> 
     </span>
    </p>
   </div>
   <div class='ocr_carea' id='block_1_3' title="bbox 10 1787 1281 2274">
    <p class='ocr_par' dir='ltr' id='par_1_3' title="bbox 10 1787 1281 2274">
     <span class='ocr_line' id='line_1_12' title="bbox 11 1787 1279 1882; baseline 0.003 -28"><span class='ocrx_word' id='word_1_95' title='bbox 11 1817 12 1822; x_wconf 40' lang='lat'>¹</span> <span class='ocrx_word' id='word_1_96' title='bbox 90 1794 275 1878; x_wconf 78' lang='lat' dir='ltr'><strong>presentem</strong></span> <span class='ocrx_word' id='word_1_97' title='bbox 293 1787 519 1858; x_wconf 86' lang='lat' dir='ltr'><strong>concessionis</strong></span> <span class='ocrx_word' id='word_1_98' title='bbox 539 1793 680 1870; x_wconf 91' lang='lat' dir='ltr'><strong>cartam,</strong></span> <span class='ocrx_word' id='word_1_99' title='bbox 707 1793 743 1858; x_wconf 94' lang='lat' dir='ltr'><strong>ut</strong></span> <span class='ocrx_word' id='word_1_100' title='bbox 762 1811 846 1881; x_wconf 90' lang='lat' dir='ltr'><strong>opus</strong></span> <span class='ocrx_word' id='word_1_101' title='bbox 864 1788 977 1858; x_wconf 82' lang='lat' dir='ltr'><strong>Sancti</strong></span> <span class='ocrx_word' id='word_1_102' title='bbox 997 1787 1097 1858; x_wconf 90' lang='lat' dir='ltr'><strong>llarci</strong></span> <span class='ocrx_word' id='word_1_103' title='bbox 1116 1795 1279 1882; x_wconf 88' lang='lat' dir='ltr'><strong>perpetuo</strong></span> 
     </span>
     <span class='ocr_line' id='line_1_13' title="bbox 10 1911 1280 2005; baseline -0.001 -21"><span class='ocrx_word' id='word_1_104' title='bbox 10 1977 11 1984; x_wconf 74' lang='grc'>,</span> <span class='ocrx_word' id='word_1_105' title='bbox 89 1911 207 1984; x_wconf 88' lang='lat' dir='ltr'><strong>babeat</strong></span> <span class='ocrx_word' id='word_1_106' title='bbox 224 1913 300 1983; x_wconf 90' lang='lat' dir='ltr'><strong>illos</strong></span> <span class='ocrx_word' id='word_1_107' title='bbox 326 1920 495 1984; x_wconf 90' lang='lat' dir='ltr'><strong>trecentos</strong></span> <span class='ocrx_word' id='word_1_108' title='bbox 513 1913 700 1998; x_wconf 84' lang='lat' dir='ltr'><strong>Bizantios,</strong></span> <span class='ocrx_word' id='word_1_109' title='bbox 729 1935 813 2005; x_wconf 86' lang='lat' dir='ltr'><strong>quos</strong></span> <span class='ocrx_word' id='word_1_110' title='bbox 833 1920 981 1986; x_wconf 88' lang='lat' dir='ltr'><strong>nostrum</strong></span> <span class='ocrx_word' id='word_1_111' title='bbox 1001 1937 1139 1986; x_wconf 91' lang='lat' dir='ltr'><strong>comune</strong></span> <span class='ocrx_word' id='word_1_112' title='bbox 1157 1915 1280 1986; x_wconf 88' lang='lat' dir='ltr'><strong>habere</strong></span> 
     </span>
     <span class='ocr_line' id='line_1_14' title="bbox 10 2039 1281 2140; baseline 0 -32"><span class='ocrx_word' id='word_1_113' title='bbox 10 2131 11 2138; x_wconf 6' lang='grc' dir='ltr'>ἵ</span> <span class='ocrx_word' id='word_1_114' title='bbox 91 2039 186 2110; x_wconf 87' lang='lat' dir='ltr'><strong>debet</strong></span> <span class='ocrx_word' id='word_1_115' title='bbox 214 2040 397 2110; x_wconf 88' lang='lat' dir='ltr'><strong>annualiter</strong></span> <span class='ocrx_word' id='word_1_116' title='bbox 420 2041 463 2110; x_wconf 94' lang='lat' dir='ltr'><strong>de</strong></span> <span class='ocrx_word' id='word_1_117' title='bbox 486 2039 589 2140; x_wconf 80' lang='lat' dir='ltr'><strong>lunda</strong></span> <span class='ocrx_word' id='word_1_118' title='bbox 604 2039 718 2132; x_wconf 79' lang='lat' dir='ltr'><strong>Regis,</strong></span> <span class='ocrx_word' id='word_1_119' title='bbox 737 2040 824 2110; x_wconf 91' lang='lat' dir='ltr'><strong>sicut</strong></span> <span class='ocrx_word' id='word_1_120' title='bbox 843 2041 1031 2110; x_wconf 86' lang='lat' dir='ltr'><strong>continetur</strong></span> <span class='ocrx_word' id='word_1_121' title='bbox 1058 2040 1091 2109; x_wconf 96' lang='lat' dir='ltr'><strong>in</strong></span> <span class='ocrx_word' id='word_1_122' title='bbox 1117 2040 1281 2140; x_wconf 80' lang='lat' dir='ltr'><strong>privilegii</strong></span> 
     </span>
     <span class='ocr_line' id='line_1_15' title="bbox 10 2161 1278 2274; baseline -0.001 -38"><span class='ocrx_word' id='word_1_123' title='bbox 10 2209 12 2274; x_wconf 55' lang='lat' dir='ltr'><strong>p</strong></span> <span class='ocrx_word' id='word_1_124' title='bbox 90 2161 271 2258; x_wconf 68' lang='lat' dir='ltr'><strong>cartula&#39;),</strong></span> <span class='ocrx_word' id='word_1_125' title='bbox 298 2188 394 2258; x_wconf 89' lang='lat' dir='ltr'><strong>quam</strong></span> <span class='ocrx_word' id='word_1_126' title='bbox 418 2164 605 2258; x_wconf 78' lang='lat' dir='ltr'><strong>baldoynus</strong></span> <span class='ocrx_word' id='word_1_127' title='bbox 632 2189 689 2236; x_wconf 88' lang='lat' dir='ltr'><strong>rer</strong></span> <span class='ocrx_word' id='word_1_128' title='bbox 713 2165 801 2238; x_wconf 90' lang='lat' dir='ltr'><strong>bone</strong></span> <span class='ocrx_word' id='word_1_129' title='bbox 826 2165 982 2236; x_wconf 90' lang='lat' dir='ltr'><strong>memorie</strong></span> <span class='ocrx_word' id='word_1_130' title='bbox 1008 2166 1086 2236; x_wconf 84' lang='lat' dir='ltr'><strong>lecit</strong></span> <span class='ocrx_word' id='word_1_131' title='bbox 1104 2165 1278 2236; x_wconf 87' lang='lat' dir='ltr'><strong>Dominico</strong></span> 
     </span>
    </p>
   </div>
   <div class='ocr_carea' id='block_1_4' title="bbox 88 2290 1281 3268">
    <p class='ocr_par' dir='ltr' id='par_1_4' title="bbox 88 2290 1281 3268">
     <span class='ocr_line' id='line_1_16' title="bbox 88 2290 1278 2387; baseline -0.002 -25"><span class='ocrx_word' id='word_1_132' title='bbox 88 2290 253 2376; x_wconf 89' lang='lat' dir='ltr'><strong>llicbaeli,</strong></span> <span class='ocrx_word' id='word_1_133' title='bbox 281 2291 513 2387; x_wconf 87' lang='lat' dir='ltr'><strong>predecessori</strong></span> <span class='ocrx_word' id='word_1_134' title='bbox 534 2292 637 2362; x_wconf 85' lang='lat' dir='ltr'><strong>nostri</strong></span> <span class='ocrx_word' id='word_1_135' title='bbox 657 2291 757 2374; x_wconf 78' lang='lat' dir='ltr'><strong>buci,</strong></span> <span class='ocrx_word' id='word_1_136' title='bbox 777 2297 812 2360; x_wconf 92' lang='lat' dir='ltr'><strong>et</strong></span> <span class='ocrx_word' id='word_1_137' title='bbox 831 2290 903 2382; x_wconf 91' lang='lat' dir='ltr'><strong>ejus</strong></span> <span class='ocrx_word' id='word_1_138' title='bbox 922 2290 1193 2373; x_wconf 90' lang='lat' dir='ltr'><strong>successoribus;</strong></span> <span class='ocrx_word' id='word_1_139' title='bbox 1224 2291 1278 2383; x_wconf 90' lang='lat' dir='ltr'><strong>qui</strong></span> 
     </span>
     <span class='ocr_line' id='line_1_17' title="bbox 90 2416 1281 2510; baseline 0 -24"><span class='ocrx_word' id='word_1_140' title='bbox 90 2417 223 2488; x_wconf 86' lang='lat' dir='ltr'><strong>Bizantii</strong></span> <span class='ocrx_word' id='word_1_141' title='bbox 244 2425 361 2510; x_wconf 90' lang='lat' dir='ltr'><strong>postea</strong></span> <span class='ocrx_word' id='word_1_142' title='bbox 374 2419 474 2490; x_wconf 64' lang='lat' dir='ltr'><strong>vluere</strong></span> <span class='ocrx_word' id='word_1_143' title='bbox 493 2419 644 2488; x_wconf 88' lang='lat' dir='ltr'><strong>concessi</strong></span> <span class='ocrx_word' id='word_1_144' title='bbox 671 2417 714 2488; x_wconf 93' lang='lat' dir='ltr'><strong>ad</strong></span> <span class='ocrx_word' id='word_1_145' title='bbox 739 2423 887 2488; x_wconf 89' lang='lat' dir='ltr'><strong>catenam</strong></span> <span class='ocrx_word' id='word_1_146' title='bbox 914 2423 1029 2510; x_wconf 92' lang='lat' dir='ltr'><strong>portus</strong></span> <span class='ocrx_word' id='word_1_147' title='bbox 1044 2416 1216 2488; x_wconf 83' lang='lat' dir='ltr'><strong>Acaronis.</strong></span> <span class='ocrx_word' id='word_1_148' title='bbox 1237 2417 1281 2486; x_wconf 81' lang='lat' dir='ltr'><strong>ut</strong></span> 
     </span>
     <span class='ocr_line' id='line_1_18' title="bbox 91 2542 1280 2637; baseline 0.002 -25"><span class='ocrx_word' id='word_1_149' title='bbox 91 2543 180 2637; x_wconf 88' lang='lat' dir='ltr'><strong>ipsos</strong></span> <span class='ocrx_word' id='word_1_150' title='bbox 205 2551 375 2616; x_wconf 89' lang='lat' dir='ltr'><strong>trecentos</strong></span> <span class='ocrx_word' id='word_1_151' title='bbox 393 2543 559 2614; x_wconf 85' lang='lat' dir='ltr'><strong>Bizantios</strong></span> <span class='ocrx_word' id='word_1_152' title='bbox 584 2543 689 2614; x_wconf 91' lang='lat' dir='ltr'><strong>nostri</strong></span> <span class='ocrx_word' id='word_1_153' title='bbox 708 2542 968 2635; x_wconf 89' lang='lat' dir='ltr'><strong>predecessores</strong></span> <span class='ocrx_word' id='word_1_154' title='bbox 988 2550 1227 2614; x_wconf 90' lang='lat' dir='ltr'><strong>concesserunt</strong></span> <span class='ocrx_word' id='word_1_155' title='bbox 1246 2549 1280 2614; x_wconf 92' lang='lat' dir='ltr'><strong>et</strong></span> 
     </span>
     <span class='ocr_line' id='line_1_19' title="bbox 91 2666 1280 2764; baseline -0.001 -25"><span class='ocrx_word' id='word_1_156' title='bbox 91 2670 279 2742; x_wconf 85' lang='lat' dir='ltr'><strong>obtulerunt</strong></span> <span class='ocrx_word' id='word_1_157' title='bbox 306 2672 398 2764; x_wconf 92' lang='lat' dir='ltr'><strong>operi</strong></span> <span class='ocrx_word' id='word_1_158' title='bbox 423 2671 536 2740; x_wconf 86' lang='lat' dir='ltr'><strong>Sancti</strong></span> <span class='ocrx_word' id='word_1_159' title='bbox 560 2669 671 2739; x_wconf 87' lang='lat' dir='ltr'><strong>llarci.</strong></span> <span class='ocrx_word' id='word_1_160' title='bbox 701 2666 770 2738; x_wconf 87' lang='lat' dir='ltr'><strong>Sed</strong></span> <span class='ocrx_word' id='word_1_161' title='bbox 795 2666 915 2751; x_wconf 83' lang='lat' dir='ltr'><strong>Fulco,</strong></span> <span class='ocrx_word' id='word_1_162' title='bbox 940 2666 1028 2738; x_wconf 90' lang='lat' dir='ltr'><strong>bone</strong></span> <span class='ocrx_word' id='word_1_163' title='bbox 1048 2669 1203 2740; x_wconf 86' lang='lat' dir='ltr'><strong>memorie</strong></span> <span class='ocrx_word' id='word_1_164' title='bbox 1222 2693 1280 2738; x_wconf 88' lang='lat' dir='ltr'><strong>rex</strong></span> 
     </span>
     <span class='ocr_line' id='line_1_20' title="bbox 91 2793 1279 2888; baseline -0.001 -23"><span class='ocrx_word' id='word_1_165' title='bbox 91 2796 282 2880; x_wconf 84' lang='lat' dir='ltr'><strong>Jerusalem,</strong></span> <span class='ocrx_word' id='word_1_166' title='bbox 303 2797 376 2867; x_wconf 91' lang='lat' dir='ltr'><strong>illos</strong></span> <span class='ocrx_word' id='word_1_167' title='bbox 395 2797 571 2880; x_wconf 80' lang='lat' dir='ltr'><strong>subtraxit,</strong></span> <span class='ocrx_word' id='word_1_168' title='bbox 600 2819 618 2866; x_wconf 94' lang='lat' dir='ltr'><strong>a</strong></span> <span class='ocrx_word' id='word_1_169' title='bbox 638 2801 788 2888; x_wconf 91' lang='lat' dir='ltr'><strong>tempore</strong></span> <span class='ocrx_word' id='word_1_170' title='bbox 814 2793 953 2864; x_wconf 86' lang='lat' dir='ltr'><strong>Rolandi</strong></span> <span class='ocrx_word' id='word_1_171' title='bbox 972 2794 1148 2865; x_wconf 84' lang='lat' dir='ltr'><strong>Contereui</strong></span> <span class='ocrx_word' id='word_1_172' title='bbox 1174 2817 1279 2888; x_wconf 91' lang='lat' dir='ltr'><strong>usque</strong></span> 
     </span>
     <span class='ocr_line' id='line_1_21' title="bbox 91 2895 1279 3016; baseline 0.001 -27"><span class='ocrx_word' id='word_1_173' title='bbox 91 2921 121 2990; x_wconf 91' lang='lat' dir='ltr'><strong>in</strong></span> <span class='ocrx_word' id='word_1_174' title='bbox 145 2895 447 3016; x_wconf 38' lang='lat' dir='ltr'><strong>presens&#39;tempus.</strong></span> <span class='ocrx_word' id='word_1_175' title='bbox 477 2921 528 2992; x_wconf 86' lang='lat' dir='ltr'><strong>De</strong></span> <span class='ocrx_word' id='word_1_176' title='bbox 555 2921 672 3014; x_wconf 87' lang='lat' dir='ltr'><strong>quibus</strong></span> <span class='ocrx_word' id='word_1_177' title='bbox 696 2921 855 2991; x_wconf 87' lang='lat' dir='ltr'><strong>trecentis</strong></span> <span class='ocrx_word' id='word_1_178' title='bbox 878 2920 1034 2990; x_wconf 86' lang='lat' dir='ltr'><strong>Bizantiis</strong></span> <span class='ocrx_word' id='word_1_179' title='bbox 1060 2919 1279 3012; x_wconf 87' lang='lat' dir='ltr'><strong>plenissimam</strong></span> 
     </span>
     <span class='ocr_line' id='line_1_22' title="bbox 92 3045 1279 3140; baseline -0.002 -22"><span class='ocrx_word' id='word_1_180' title='bbox 92 3055 286 3140; x_wconf 90' lang='lat' dir='ltr'><strong>potestatem</strong></span> <span class='ocrx_word' id='word_1_181' title='bbox 307 3049 419 3120; x_wconf 91' lang='lat' dir='ltr'><strong>damus</strong></span> <span class='ocrx_word' id='word_1_182' title='bbox 437 3047 612 3118; x_wconf 85' lang='lat' dir='ltr'><strong>Leonardo</strong></span> <span class='ocrx_word' id='word_1_183' title='bbox 633 3045 797 3126; x_wconf 86' lang='lat' dir='ltr'><strong>Fradello,</strong></span> <span class='ocrx_word' id='word_1_184' title='bbox 817 3045 1024 3137; x_wconf 88' lang='lat' dir='ltr'><strong>procuratori</strong></span> <span class='ocrx_word' id='word_1_185' title='bbox 1041 3046 1151 3136; x_wconf 90' lang='lat' dir='ltr'><strong>operis</strong></span> <span class='ocrx_word' id='word_1_186' title='bbox 1166 3047 1279 3116; x_wconf 90' lang='lat' dir='ltr'><strong>Sancti</strong></span> 
     </span>
     <span class='ocr_line' id='line_1_23' title="bbox 92 3171 1280 3268; baseline 0 -26"><span class='ocrx_word' id='word_1_187' title='bbox 92 3173 189 3245; x_wconf 89' lang='lat' dir='ltr'><strong>llarci</strong></span> <span class='ocrx_word' id='word_1_188' title='bbox 208 3182 243 3246; x_wconf 88' lang='lat' dir='ltr'><strong>et</strong></span> <span class='ocrx_word' id='word_1_189' title='bbox 261 3177 335 3268; x_wconf 87' lang='lat' dir='ltr'><strong>ejus</strong></span> <span class='ocrx_word' id='word_1_190' title='bbox 353 3174 620 3258; x_wconf 88' lang='lat' dir='ltr'><strong>successoribus,</strong></span> <span class='ocrx_word' id='word_1_191' title='bbox 647 3179 683 3242; x_wconf 94' lang='lat' dir='ltr'><strong>ut</strong></span> <span class='ocrx_word' id='word_1_192' title='bbox 701 3172 764 3266; x_wconf 90' lang='lat' dir='ltr'><strong>ipsi</strong></span> <span class='ocrx_word' id='word_1_193' title='bbox 782 3171 854 3242; x_wconf 93' lang='lat' dir='ltr'><strong>illos</strong></span> <span class='ocrx_word' id='word_1_194' title='bbox 873 3171 1042 3242; x_wconf 86' lang='lat' dir='ltr'><strong>Bizantios</strong></span> <span class='ocrx_word' id='word_1_195' title='bbox 1062 3171 1227 3261; x_wconf 88' lang='lat' dir='ltr'><strong>inquirant</strong></span> <span class='ocrx_word' id='word_1_196' title='bbox 1246 3179 1280 3242; x_wconf 84' lang='lat' dir='ltr'><strong>et</strong></span> 
     </span>
    </p>
   </div>
   <div class='ocr_carea' id='block_1_5' title="bbox 13 3297 1278 3522">
    <p class='ocr_par' dir='ltr' id='par_1_5' title="bbox 13 3297 1278 3522">
     <span class='ocr_line' id='line_1_24' title="bbox 13 3297 1278 3395; baseline -0.001 -26"><span class='ocrx_word' id='word_1_197' title='bbox 13 3375 15 3394; x_wconf 74' lang='lat'><strong>.</strong></span> <span class='ocrx_word' id='word_1_198' title='bbox 93 3303 275 3383; x_wconf 83' lang='lat' dir='ltr'><strong>excuciant,</strong></span> <span class='ocrx_word' id='word_1_199' title='bbox 302 3309 402 3394; x_wconf 89' lang='lat' dir='ltr'><strong>atque</strong></span> <span class='ocrx_word' id='word_1_200' title='bbox 420 3305 452 3372; x_wconf 90' lang='lat' dir='ltr'><strong>in</strong></span> <span class='ocrx_word' id='word_1_201' title='bbox 473 3323 575 3395; x_wconf 90' lang='lat' dir='ltr'><strong>opere</strong></span> <span class='ocrx_word' id='word_1_202' title='bbox 593 3297 707 3370; x_wconf 89' lang='lat' dir='ltr'><strong>Sancti</strong></span> <span class='ocrx_word' id='word_1_203' title='bbox 735 3298 834 3370; x_wconf 91' lang='lat' dir='ltr'><strong>lllarci</strong></span> <span class='ocrx_word' id='word_1_204' title='bbox 861 3305 894 3370; x_wconf 94' lang='lat' dir='ltr'><strong>et</strong></span> <span class='ocrx_word' id='word_1_205' title='bbox 919 3299 961 3368; x_wconf 91' lang='lat' dir='ltr'><strong>ad</strong></span> <span class='ocrx_word' id='word_1_206' title='bbox 981 3299 1091 3391; x_wconf 92' lang='lat' dir='ltr'><strong>operis</strong></span> <span class='ocrx_word' id='word_1_207' title='bbox 1110 3297 1278 3369; x_wconf 90' lang='lat' dir='ltr'><strong>utilitatem</strong></span> 
     </span>
     <span class='ocr_line' id='line_1_25' title="bbox 13 3409 516 3522; baseline 0.002 -27"><span class='ocrx_word' id='word_1_208' title='bbox 13 3409 14 3422; x_wconf 67' lang='lat'><strong>.</strong></span> <span class='ocrx_word' id='word_1_209' title='bbox 94 3433 125 3496; x_wconf 92' lang='lat' dir='ltr'><strong>et</strong></span> <span class='ocrx_word' id='word_1_210' title='bbox 141 3425 301 3498; x_wconf 88' lang='lat' dir='ltr'><strong>bonorem</strong></span> <span class='ocrx_word' id='word_1_211' title='bbox 321 3426 516 3522; x_wconf 85' lang='lat' dir='ltr'><strong>expendant.</strong></span> 
     </span>
    </p>
   </div>
   <div class='ocr_carea' id='block_1_6' title="bbox 178 3519 1303 3647">
    <p class='ocr_par' dir='ltr' id='par_1_6' title="bbox 178 3519 1303 3647">
     <span class='ocr_line' id='line_1_26' title="bbox 178 3519 1303 3647; baseline -0.005 -23"><span class='ocrx_word' id='word_1_212' title='bbox 178 3555 227 3625; x_wconf 89' lang='lat' dir='ltr'><strong>lta</strong></span> <span class='ocrx_word' id='word_1_213' title='bbox 256 3554 319 3624; x_wconf 87' lang='lat' dir='ltr'><strong>hec</strong></span> <span class='ocrx_word' id='word_1_214' title='bbox 348 3554 454 3623; x_wconf 91' lang='lat' dir='ltr'><strong>omnia</strong></span> <span class='ocrx_word' id='word_1_215' title='bbox 482 3553 705 3647; x_wconf 89' lang='lat' dir='ltr'><strong>suprascripta</strong></span> <span class='ocrx_word' id='word_1_216' title='bbox 730 3551 824 3646; x_wconf 88' lang='lat' dir='ltr'><strong>operi</strong></span> <span class='ocrx_word' id='word_1_217' title='bbox 855 3550 1004 3624; x_wconf 76' lang='lat' dir='ltr'><strong>ecclesie</strong></span> <span class='ocrx_word' id='word_1_218' title='bbox 1032 3551 1145 3622; x_wconf 90' lang='lat' dir='ltr'><strong>Sancti</strong></span> <span class='ocrx_word' id='word_1_219' title='bbox 1176 3519 1303 3620; x_wconf 86' lang='lat' dir='ltr'><strong>ltlarci</strong></span> 
     </span>
    </p>
   </div>
   <div class='ocr_carea' id='block_1_7' title="bbox 14 3676 1276 4026">
    <p class='ocr_par' dir='ltr' id='par_1_7' title="bbox 14 3676 1276 4026">
     <span class='ocr_line' id='line_1_27' title="bbox 14 3676 1276 3789; baseline -0.002 -41"><span class='ocrx_word' id='word_1_220' title='bbox 14 3699 16 3789; x_wconf 45' lang='grc' dir='ltr'>ἐ</span> <span class='ocrx_word' id='word_1_221' title='bbox 97 3679 204 3751; x_wconf 88' lang='lat' dir='ltr'><strong>damus</strong></span> <span class='ocrx_word' id='word_1_222' title='bbox 224 3687 259 3752; x_wconf 89' lang='lat' dir='ltr'><strong>et</strong></span> <span class='ocrx_word' id='word_1_223' title='bbox 278 3681 465 3762; x_wconf 81' lang='lat' dir='ltr'><strong>oderimus,</strong></span> <span class='ocrx_word' id='word_1_224' title='bbox 490 3685 527 3750; x_wconf 91' lang='lat' dir='ltr'><strong>ut</strong></span> <span class='ocrx_word' id='word_1_225' title='bbox 545 3681 781 3772; x_wconf 90' lang='lat' dir='ltr'><strong>imperpetuum</strong></span> <span class='ocrx_word' id='word_1_226' title='bbox 800 3677 922 3750; x_wconf 94' lang='lat' dir='ltr'><strong>illibata</strong></span> <span class='ocrx_word' id='word_1_227' title='bbox 943 3685 977 3750; x_wconf 90' lang='lat' dir='ltr'><strong>et</strong></span> <span class='ocrx_word' id='word_1_228' title='bbox 995 3679 1125 3771; x_wconf 76' lang='lat' dir='ltr'><strong>integra</strong></span> <span class='ocrx_word' id='word_1_229' title='bbox 1145 3676 1276 3759; x_wconf 87' lang='lat' dir='ltr'><strong>habeat,</strong></span> 
     </span>
     <span class='ocr_line' id='line_1_28' title="bbox 93 3803 1276 3898; baseline -0.002 -25.124"><span class='ocrx_word' id='word_1_230' title='bbox 93 3806 156 3878; x_wconf 92' lang='lat' dir='ltr'><strong>sine</strong></span> <span class='ocrx_word' id='word_1_231' title='bbox 174 3807 428 3890; x_wconf 89' lang='lat' dir='ltr'><strong>retractatione,</strong></span> <span class='ocrx_word' id='word_1_232' title='bbox 456 3806 526 3876; x_wconf 91' lang='lat' dir='ltr'><strong>sine</strong></span> <span class='ocrx_word' id='word_1_233' title='bbox 546 3805 774 3888; x_wconf 86' lang='lat' dir='ltr'><strong>diminutione,</strong></span> <span class='ocrx_word' id='word_1_234' title='bbox 803 3811 839 3876; x_wconf 95' lang='lat' dir='ltr'><strong>ut</strong></span> <span class='ocrx_word' id='word_1_235' title='bbox 859 3829 920 3898; x_wconf 90' lang='lat' dir='ltr'><strong>per</strong></span> <span class='ocrx_word' id='word_1_236' title='bbox 938 3803 1077 3876; x_wconf 88' lang='lat' dir='ltr'><strong>eundem</strong></span> <span class='ocrx_word' id='word_1_237' title='bbox 1096 3803 1276 3894; x_wconf 84' lang='lat' dir='ltr'><strong>Evangeli-</strong></span> 
     </span>
     <span class='ocr_line' id='line_1_29' title="bbox 15 3929 1276 4026; baseline -0.002 -26"><span class='ocrx_word' id='word_1_238' title='bbox 15 3969 17 4010; x_wconf 60' lang='lat'><strong>,</strong></span> <span class='ocrx_word' id='word_1_239' title='bbox 94 3933 358 4026; x_wconf 86' lang='lat' dir='ltr'><strong>stamgloriosum</strong></span> <span class='ocrx_word' id='word_1_240' title='bbox 368 3934 400 4002; x_wconf 92' lang='lat' dir='ltr'><strong>in</strong></span> <span class='ocrx_word' id='word_1_241' title='bbox 410 3931 483 4002; x_wconf 90' lang='lat' dir='ltr'><strong>celo</strong></span> <span class='ocrx_word' id='word_1_242' title='bbox 493 3932 657 4025; x_wconf 90' lang='lat' dir='ltr'><strong>possimus</strong></span> <span class='ocrx_word' id='word_1_243' title='bbox 666 3932 791 4025; x_wconf 79' lang='lat' dir='ltr'><strong>pertrui</strong></span> <span class='ocrx_word' id='word_1_244' title='bbox 802 3937 915 4002; x_wconf 88' lang='lat' dir='ltr'><strong>eterna</strong></span> <span class='ocrx_word' id='word_1_245' title='bbox 925 3929 1276 4001; x_wconf 75' lang='lat' dir='ltr'><strong>retributionedmen.</strong></span> 
     </span>
    </p>
   </div>
   <div class='ocr_carea' id='block_1_8' title="bbox 17 4535 25 4714">
    <p class='ocr_par' dir='ltr' id='par_1_8' title="bbox 17 4425 25 4772">
     <span class='ocr_line' id='line_1_30' title="bbox 17 4535 25 4714; baseline 0 -236"><span class='ocrx_word' id='word_1_246' title='bbox 17 4535 25 4714; x_wconf 28' lang='lat' dir='ltr'><strong>p</strong></span> 
     </span>
    </p>
   </div>
   <div class='ocr_carea' id='block_1_9' title="bbox 18 4773 20 4830">
    <p class='ocr_par' dir='ltr' id='par_1_9' title="bbox 18 4773 20 4830">
     <span class='ocr_line' id='line_1_31' title="bbox 18 4773 20 4830; baseline 0 0"><span class='ocrx_word' id='word_1_247' title='bbox 18 4773 20 4830; x_wconf 91' lang='lat' dir='ltr'><strong>l</strong></span> 
     </span>
    </p>
   </div>
   <div class='ocr_carea' id='block_1_10' title="bbox 18 4843 31 5069">
    <p class='ocr_par' dir='ltr' id='par_1_10' title="bbox 18 4843 31 5069">
     <span class='ocr_line' id='line_1_32' title="bbox 18 4843 31 5069; baseline 0 0"><span class='ocrx_word' id='word_1_248' title='bbox 18 4843 31 5069; x_wconf 93' lang='lat' dir='ltr'><strong>l</strong></span> 
     </span>
    </p>
   </div>
   <div class='ocr_carea' id='block_1_11' title="bbox 174 4055 1277 4405">
    <p class='ocr_par' dir='ltr' id='par_1_11' title="bbox 174 4055 1277 4405">
     <span class='ocr_line' id='line_1_33' title="bbox 175 4055 1277 4152; baseline -0.004 -24"><span class='ocrx_word' id='word_1_249' title='bbox 175 4059 206 4149; x_wconf 91' lang='lat'><em>†</em></span> <span class='ocrx_word' id='word_1_250' title='bbox 225 4057 300 4152; x_wconf 80' lang='lat' dir='ltr'><strong>Ego</strong></span> <span class='ocrx_word' id='word_1_251' title='bbox 314 4057 427 4128; x_wconf 84' lang='lat' dir='ltr'><strong>Vitalis</strong></span> <span class='ocrx_word' id='word_1_252' title='bbox 441 4057 591 4140; x_wconf 91' lang='lat' dir='ltr'><strong>ltlichael‚</strong></span> <span class='ocrx_word' id='word_1_253' title='bbox 608 4057 658 4127; x_wconf 91' lang='lat' dir='ltr'><strong>dei</strong></span> <span class='ocrx_word' id='word_1_254' title='bbox 679 4057 786 4148; x_wconf 78' lang='lat' dir='ltr'><strong>gratia</strong></span> <span class='ocrx_word' id='word_1_255' title='bbox 799 4057 883 4142; x_wconf 85' lang='lat' dir='ltr'><strong>Dur,</strong></span> <span class='ocrx_word' id='word_1_256' title='bbox 898 4079 992 4128; x_wconf 89' lang='lat' dir='ltr'><strong>manu</strong></span> <span class='ocrx_word' id='word_1_257' title='bbox 1004 4079 1075 4126; x_wconf 89' lang='lat' dir='ltr'><strong>mea</strong></span> <span class='ocrx_word' id='word_1_258' title='bbox 1086 4055 1277 4147; x_wconf 87' lang='lat' dir='ltr'><strong>subscripsi.</strong></span> 
     </span>
     <span class='ocr_line' id='line_1_34' title="bbox 176 4181 1190 4278; baseline -0.004 -25"><span class='ocrx_word' id='word_1_259' title='bbox 176 4185 206 4274; x_wconf 91' lang='lat'>†</span> <span class='ocrx_word' id='word_1_260' title='bbox 224 4185 299 4278; x_wconf 80' lang='lat' dir='ltr'><strong>Ego</strong></span> <span class='ocrx_word' id='word_1_261' title='bbox 320 4183 534 4256; x_wconf 86' lang='lat' dir='ltr'><strong>Sebastianus</strong></span> <span class='ocrx_word' id='word_1_262' title='bbox 553 4183 642 4254; x_wconf 86' lang='lat' dir='ltr'><strong>Ziani</strong></span> <span class='ocrx_word' id='word_1_263' title='bbox 658 4181 773 4275; x_wconf 86' lang='lat' dir='ltr'><strong>judex,</strong></span> <span class='ocrx_word' id='word_1_264' title='bbox 792 4207 888 4254; x_wconf 87' lang='lat' dir='ltr'><strong>manu</strong></span> <span class='ocrx_word' id='word_1_265' title='bbox 907 4205 980 4254; x_wconf 90' lang='lat' dir='ltr'><strong>mea</strong></span> <span class='ocrx_word' id='word_1_266' title='bbox 998 4181 1190 4274; x_wconf 90' lang='lat' dir='ltr'><strong>subscripsi.</strong></span> 
     </span>
     <span class='ocr_line' id='line_1_35' title="bbox 174 4307 1226 4405; baseline -0.003 -24"><span class='ocrx_word' id='word_1_267' title='bbox 174 4311 297 4405; x_wconf 81' lang='lat' dir='ltr'><strong>†Ego</strong></span> <span class='ocrx_word' id='word_1_268' title='bbox 316 4311 543 4382; x_wconf 84' lang='lat' dir='ltr'><strong>Auriomastro</strong></span> <span class='ocrx_word' id='word_1_269' title='bbox 563 4312 675 4392; x_wconf 87' lang='lat' dir='ltr'><strong>Petro,</strong></span> <span class='ocrx_word' id='word_1_270' title='bbox 693 4309 807 4401; x_wconf 88' lang='lat' dir='ltr'><strong>juder,</strong></span> <span class='ocrx_word' id='word_1_271' title='bbox 829 4331 924 4379; x_wconf 89' lang='lat' dir='ltr'><strong>manu</strong></span> <span class='ocrx_word' id='word_1_272' title='bbox 943 4331 1014 4380; x_wconf 91' lang='lat' dir='ltr'><strong>mea</strong></span> <span class='ocrx_word' id='word_1_273' title='bbox 1035 4307 1226 4402; x_wconf 89' lang='lat' dir='ltr'><strong>subscripsi.</strong></span> 
     </span>
    </p>
   </div>
   <div class='ocr_carea' id='block_1_12' title="bbox 112 4524 1113 4614">
    <p class='ocr_par' dir='ltr' id='par_1_12' title="bbox 112 4524 1113 4614">
     <span class='ocr_line' id='line_1_36' title="bbox 112 4524 1113 4614; baseline -0.001 -20"><span class='ocrx_word' id='word_1_274' title='bbox 112 4539 139 4614; x_wconf 79' lang='lat'><strong>¹)</strong></span> <span class='ocrx_word' id='word_1_275' title='bbox 159 4524 1113 4610; x_wconf 69' lang='lat' dir='ltr'><strong>ctr.prrvusgtumuarduini11etlcthutuscorrectionum.xtl.</strong></span> 
     </span>
    </p>
   </div>
   <div class='ocr_carea' id='block_1_13' title="bbox 0 0 1576 5082">
    <p class='ocr_par' dir='ltr' id='par_1_13' title="bbox 0 0 1576 5082">
     <span class='ocr_line' id='line_1_37' title="bbox 0 0 1576 5082; baseline 0 0"><span class='ocrx_word' id='word_1_276' title='bbox 0 0 1576 5082; x_wconf 95' lang='lat' dir='ltr'><strong> </strong></span> 
     </span>
    </p>
   </div>
  </div>
 </body>
</html>
