3110 5080
413 366 809 426 nroc.lllrrrrr.rnnrrx.
823 370 928 426 lvlur·
1184 362 1257 434 431

78 562 240 634 suumque
254 540 376 634 modio
391 542 518 636 quaerit
531 538 683 625 electum,
697 541 880 614 restitutam
895 543 1015 616 civitati
1030 542 1148 613 asserit
1160 542 1263 614 liber-

79 672 197 752 tatem,
216 674 252 740 et
263 667 465 762 regredienti
482 667 547 740 filio
563 667 602 738 ad
622 668 730 740 losces
742 669 881 764 imperii,
900 693 974 740 curn
989 669 1110 762 gaudio
1125 669 1260 740 inaesti-

80 794 209 880 mabili,
236 793 435 868 sublevatum
458 794 500 866 de
525 817 661 868 carcere
690 802 789 889 capnt
815 797 919 891 patris
942 795 1073 882 isachii,
1102 796 1263 890 quondam

81 923 310 1015 moratorie,
339 921 528 994 ostendunt.
562 921 804 996 Praeordinatis
824 923 950 1016 itaque,
976 945 1058 1016 quae
1077 923 1262 994 necessaria

80 1049 288 1134 ridebantur,
306 1049 348 1120 ad
366 1047 545 1122 Ecclesiam
560 1055 693 1122 sanctae
707 1048 853 1142 Sophiae
868 1072 972 1121 norus
990 1050 1172 1145 lmperator
1191 1071 1264 1121 cunr

81 1175 220 1248 solemni
256 1177 469 1270 processione
504 1176 694 1260 deducitur,
731 1183 766 1248 et
802 1175 885 1248 eruli
921 1184 1036 1248 nostro
1070 1178 1141 1248 sine
1174 1177 1262 1248 omni

81 1303 343 1376 contradictione
375 1301 543 1398 lmperiale
574 1303 756 1376 restituitur
785 1301 931 1376 diadema
962 1325 1035 1376 cnm
1066 1303 1264 1398 plenitudine

83 1431 272 1524 potestate.

175 1557 244 1628 iliis
261 1556 404 1651 percotis
418 1555 458 1628 ad
473 1555 667 1628 solutionem
682 1555 915 1649 promissorum
929 1554 1057 1650 prosilit
1072 1554 1263 1651 Imperator,

84 1689 120 1754 et
132 1683 294 1778 promissa
312 1682 411 1754 relsus
429 1683 623 1768 occumulat,
643 1681 791 1756 victualia
805 1681 938 1754 seruitio
951 1681 1079 1753 Domini
1094 1683 1263 1776 protutura

84 1809 180 1882 nobis
194 1809 342 1882 omnibus
354 1809 535 1904 praebetin
552 1832 687 1892 annum;
706 1807 846 1880 ducenta
861 1831 1042 1880 morcarum
1061 1808 1157 1880 millia
1171 1809 1265 1880 nobis

85 1936 214 2009 solvere
237 1937 363 2031 pergit,
388 1942 422 2008 et
440 1934 571 2008 Venetis
596 1935 776 2030 sumptibus
795 1935 862 2006 suis
887 1934 1019 2006 stolium
1037 1936 1214 2031 prolongat
1232 1937 1264 2006 in

85 2085 217 2146 annum,
237 2085 339 2154 seque
349 2063 537 2156 juramento
546 2062 708 2157 astringit,
724 2061 811 2156 quod
822 2061 951 2156 erigere
962 2061 1131 2134 nobiscum
1147 2062 1266 2136 debeat

85 2189 202 2284 regale
226 2187 391 2274 vexillum,
417 2197 451 2262 et
473 2190 506 2260 in
530 2190 683 2286 passagio
709 2187 816 2260 llartii
842 2186 1011 2260 nobiscum
1036 2189 1077 2262 ad
1100 2190 1266 2262 servitium

85 2316 214 2390 Domini
231 2315 414 2412 proficisci,
439 2337 513 2388 cum
532 2316 660 2410 quantis
682 2315 804 2410 poterit
828 2315 966 2388 millibus
991 2323 1207 2398 armatorum
1232 2323 1268 2388 et

86 2443 148 2516 sub
168 2443 283 2516 eadem
300 2443 517 2537 promissione
536 2442 719 2526 concludit,
739 2441 827 2536 quod
845 2465 916 2514 cem
934 2443 1148 2514 reverentiam
1166 2466 1265 2536 prae·

84 2577 176 2642 stare
194 2569 315 2644 debeat
332 2570 481 2642 Romano
500 2571 659 2654 Pontifici,
680 2591 775 2662 quant
794 2575 1024 2642 antecessores
1038 2571 1100 2654 sui,
1120 2547 1292 2665 impera·⁸

83 2703 177 2768 tores
216 2694 397 2778 Catholici,
438 2694 750 2788 praedecessoribus
787 2696 855 2767 suis
894 2695 1105 2768 Pontificibus
1141 2695 1265 2789 pridem

84 2823 285 2920 impendisse
302 2828 494 2907 noscuntur,
515 2828 549 2892 et
567 2822 747 2898 Ecclesiam
762 2821 958 2894 Orientalem
972 2821 1090 2892 adhoc
1104 2821 1188 2893 idem
1204 2845 1264 2915 pro

83 2950 206 3024 viribus
224 2950 390 3032 inclinare,
411 2971 450 3022 ac
468 2954 540 3020 toto
560 2948 645 3020 ritae
663 2971 742 3020 suae
764 2953 914 3042 tempore
934 2947 1049 3019 milites
1069 2948 1265 3042 quingentos

85 3075 359 3172 consumptibus
386 3076 453 3147 suis
479 3077 511 3146 in
530 3076 634 3148 'derra
660 3079 773 3146 sancta
795 3073 975 3147 honorilice
999 3076 1204 3169 provisurum
1224 3074 1265 3146 ad

86 3205 256 3276 servitium
274 3201 502 3298 redemptoris.
816 3181 827 3206 ⁴

631 3343 728 3417 cxll.

302 3469 404 3536 lienis
425 3469 471 3550 lt,
506 3469 681 3552 luperatsrl
714 3466 1052 3551 tonstaatlnopalllans.

246 3653 255 3668 .
330 3595 476 3682 Illpr'atolo
491 3593 687 3683 responsiva.
713 3589 794 3679 (co.
811 3593 901 3677 epist.
918 3589 1022 3677 CCX.)

567 3719 598 3772 r
612 3715 783 3790 sucoso).

175 3832 299 3897 lnnoc.
325 3829 362 3894 lll
387 3831 477 3914 epist.
500 3827 553 3894 lib.
574 3827 626 3908 Vl,
648 3849 696 3914 ep.
715 3826 854 3893 cclnnx
873 3827 923 3894 ed.
944 3826 1162 3914 Brdquigny
1183 3829 1219 3892 Τ.
1241 3829 1265 3900 Ι,

86 3959 157 4026 pag.
172 3938 250 4004 426.
274 3939 329 4006 llic
344 3940 411 4025 ipse
427 3943 457 4004 et
477 3938 702 4022 Rsynaldus
724 3938 742 4000 l.
757 3936 777 4000 l.
792 3939 826 4022 ᾗ.
842 3937 872 4001 1.
891 3957 997 4001 annum
1014 3936 1102 4003 1204
1117 3943 1267 4012 statuunt;

88 4070 142 4114 nos
169 4049 323 4134 sequimur
350 4047 449 4112 datum
477 4045 628 4132 epistolae:
656 4069 740 4112 anno
767 4052 869 4112 secto.
899 4044 980 4110 ldem
1006 4045 1085 4111 valet
1106 4045 1144 4110 de
1168 4045 1264 4112 tribus

88 4156 225 4245 epistolis
245 4158 384 4222 continuo
400 4155 533 4220 adnexis.
557 4153 615 4219 lies
631 4153 778 4239 ambiguo,
796 4173 899 4218 mense
915 4175 972 4219 non
990 4153 1127 4220 indicato.

177 4289 372 4385 Recepimus
390 4285 520 4372 literas,
547 4310 627 4381 quas
647 4285 739 4356 nobis
759 4286 935 4382 Imperialis
955 4285 1146 4360 excellentia
1165 4287 1267 4360 desti·
1371 4341 1376 4352 .

89 4416 185 4502 norit,
205 4415 377 4488 affectione
394 4421 543 4509 paterno,
563 4419 596 4485 et
610 4437 692 4508 quae
711 4412 905 4507 significarit
921 4439 982 4509 per
1001 4437 1068 4498 eas,
1088 4415 1269 4487 notavimus

91 4542 277 4640 diligenter.
