3130 5078
407 370 551 424 Bsnnnrnr
563 369 660 422 lurra.
674 385 765 422 rrrsr.
779 384 817 422 an
829 369 927 422 laroc.
940 367 984 422 lll.
1213 353 1291 428 507

96 549 210 635 portas
229 542 396 636 aperiunt:
416 561 555 633 qnorum
569 560 643 608 cum
661 539 855 632 Imperator,
876 540 1009 632 quinon
1025 535 1141 630 procul
1155 562 1173 608 e
1189 536 1289 606 muris

96 672 128 741 in
157 671 309 742 tentoriis
335 670 443 742 stabat
470 675 631 750 armatus,
666 670 917 762 conspicaretur
944 670 1150 762 ingressum,
1181 668 1289 737 statim
1405 705 1410 712 ·

96 796 241 867 tentoria
261 795 436 887 dereliquit
454 800 488 864 et
506 795 611 886 lugit3
640 796 744 865 nostri
764 795 918 865 caedibus
937 802 1152 887 occupantur,
1180 795 1293 864 ciuitas

95 925 225 1017 capitur
238 925 410 1017 populosa,
430 923 634 1016 recipiuntur
648 921 679 990 in
694 919 823 1012 palatiis
833 920 1068 1014 imperialibus,
1089 923 1142 1014 qui
1157 926 1293 991 nostro·

95 1076 168 1123 rum
196 1075 292 1124 enses
319 1052 499 1144 effugiunt,
528 1051 694 1142 multaque
717 1050 819 1121 caede
842 1052 930 1122 facta
957 1051 1159 1121 Graecorum
1185 1050 1291 1118 nostri

98 1201 175 1248 sese
192 1179 409 1272 recolligunt,
431 1179 726 1272 advesperascente
742 1179 811 1270 jam
831 1179 883 1248 dic
904 1201 994 1248 arma
1011 1178 1091 1248 lessi
1112 1177 1292 1270 deponunt,

98 1305 140 1376 de
160 1305 287 1376 assultu
305 1307 498 1399 palatiorum
517 1307 550 1376 in
569 1306 713 1377 crastino
731 1307 915 1377 tractaturi.
989 1381 991 1384 ,

188 1431 276 1502 Suos
290 1433 455 1526 recolligit
475 1433 658 1526 lmperator
672 1437 706 1501 ct
721 1433 895 1502 crastinam
914 1432 1068 1504 hortatur
1081 1431 1123 1501 ad
1137 1453 1292 1524 pugnam,

97 1580 265 1641 asserens,
286 1559 375 1651 quod
393 1565 525 1630 nostros
544 1559 576 1629 in
595 1565 762 1651 potestate
782 1581 867 1629 nunc
885 1560 1006 1630 habeat
1023 1559 1108 1628 intre
1127 1581 1293 1628 murorum

97 1691 192 1778 septa
218 1685 413 1764 conclusos:
449 1685 507 1756 scd
533 1690 632 1754 nocte
659 1684 801 1756 latenter
826 1684 883 1754 dat
906 1691 1003 1778 terga
1029 1684 1188 1754 devictus.
1219 1682 1292 1768 Qun

98 1817 272 1902 comperto
293 1811 496 1884 Graecorum
515 1812 608 1905 plebs
628 1811 767 1882 attonite
786 1811 827 1881 dc
846 1813 1073 1884 substituendo
1092 1814 1294 1904 imperatore

97 1941 293 2029 pertractat,
314 1943 349 2007 et
367 1937 442 2008 dnm
460 1961 556 2030 mane
575 1937 666 2006 lactc
685 1937 726 2007 ad
747 1939 997 2008 nominationem
1017 1937 1187 2029 eujusdam
1203 1938 1295 2007 Con·

100 2062 236 2132 stantini
260 2063 463 2156 procedunt,
492 2063 620 2157 pedites
646 2064 750 2133 nostri
778 2087 843 2134 non
869 2071 1041 2158 expectata
1060 2065 1296 2135 deliberatione

102 2188 265 2279 majorum
285 2190 327 2258 ad
346 2211 435 2260 armo
461 2189 652 2284 prosiliunt,
679 2196 713 2260 ct
736 2197 832 2282 terga
854 2191 1005 2262 dantibus
1025 2191 1160 2261 Graecis
1178 2189 1295 2259 fortis-

101 2315 184 2384 sime
210 2321 244 2384 et
270 2313 481 2386 munitissima
507 2314 626 2408 palatia
651 2315 896 2408 relinquuntur,
922 2322 1058 2410 totaque
1076 2318 1108 2386 in
1128 2319 1295 2386 momento

100 2439 217 2510 civitas
244 2441 423 2512 obtinetur.
453 2441 610 2534 Diripitur
636 2465 795 2534 equorum
820 2444 987 2514 innumera
1007 2442 1197 2524 multitudo,
1225 2442 1295 2512 auri

102 2571 138 2636 et
156 2567 300 2659 argenti,
321 2568 502 2640 sericorum
520 2569 802 2663 pretiosarumque
821 2569 959 2640 restium
978 2577 1076 2662 atquc
1095 2592 1295 2662 gemmarum

104 2699 139 2762 et
158 2693 300 2764 omnium
321 2716 453 2776 eorum,
481 2717 565 2787 quac
584 2695 625 2765 ab
645 2694 828 2765 bominibus
855 2695 940 2767 inter
959 2695 1084 2766 divitias
1105 2701 1295 2789 computan-

100 2825 168 2902 tur,
188 2826 254 2890 tem
275 2821 517 2892 inaestimabilis
532 2823 729 2894 abundantia
743 2826 919 2917 reperitur,
939 2832 975 2895 ut
991 2831 1118 2896 tantum
1137 2831 1210 2896 tota
1229 2845 1296 2894 non

106 2945 275 3016 uideretur
294 2949 465 3041 possidere
486 2948 662 3029 Latinitas;
683 2956 717 3020 et
735 2973 818 3042 qnae
836 2950 1010 3021 admodum
1029 2975 1133 3044 panca
1152 2973 1298 3044 negaue-

104 3080 191 3152 rant,
213 3081 330 3145 cuncta
345 3075 441 3144 nobis
456 3075 563 3144 divino
578 3075 704 3168 judicio
719 3077 936 3168 reliquerunt,
955 3083 992 3146 ut
1006 3100 1123 3148 secure
1138 3077 1296 3160 dieamus,

103 3199 180 3291 quia
204 3199 331 3290 majora
357 3201 418 3270 biis
442 3202 599 3272 mirabilia
625 3203 715 3272 circa
741 3203 900 3273 bellorum
921 3225 1017 3274 casus
1043 3205 1130 3275 nulla
1156 3227 1298 3297 unquam

101 3333 218 3396 narret
237 3326 387 3407 historia,
406 3334 443 3398 nt
462 3327 593 3422 impleta
606 3329 780 3422 prophetia
793 3329 963 3401 manifeste
978 3329 1129 3401 videatur
1142 3330 1174 3400 in
1189 3330 1297 3414 nobis,

103 3473 189 3543 quae
210 3451 302 3524 dicit:
317 3463 544 3548 persequetur
558 3479 648 3525 uoce
662 3477 708 3525 ec
724 3455 818 3528 codic
832 3465 965 3527 eentum
984 3457 1133 3540 alienem-
1162 3457 1249 3549 qnia,
1270 3457 1298 3525 si

100 3577 190 3647 inter
208 3579 358 3670 singulos
377 3580 547 3650 victoriam
566 3583 756 3673 partiamur,
778 3581 913 3674 quilibet
932 3604 971 3652 ex
990 3583 1113 3652 nostris
1132 3605 1198 3652 non
1217 3605 1297 3676 pau·

103 3703 214 3774 ciores
234 3727 329 3796 quam
350 3711 482 3776 centnm
502 3704 535 3776 de
554 3706 656 3798 [out]
676 3706 820 3790 obsedit,
840 3705 873 3776 dc
892 3707 994 3799 [cut]
1014 3709 1102 3778 vicit.

194 3829 291 3901 Nune
310 3838 419 3902 eutem
439 3855 505 3902 non
524 3833 620 3902 nobis
639 3833 808 3904 victoriam
827 3857 1038 3926 usurpamus,
1066 3834 1141 3926 quia
1160 3833 1296 3904 salvarit

100 3956 164 4026 sibi
184 3955 320 4027 dextera
339 3957 480 4041 Domini,
507 3965 541 4028 et
560 3958 727 4029 brachium
746 3959 876 4028 virtutis
896 3959 970 4050 ejus
989 3960 1168 4030 revelatum
1188 3966 1240 4030 est
1265 3961 1297 4028 in

100 4083 209 4152 n'obis.
239 4084 267 4152 Α
282 4082 423 4152 Domino
438 4088 564 4154 tantum
583 4083 706 4154 lactum
723 4090 775 4154 cst
793 4084 892 4166 istud,
909 4091 942 4154 et
956 4107 1056 4176 snper
1071 4087 1178 4154 omnia
1198 4086 1298 4154 mira-

100 4207 177 4278 bilia
203 4207 349 4278 mirabile
375 4214 426 4278 est
451 4210 483 4278 in
508 4210 612 4280 oculis
639 4211 772 4280 nostris.
804 4200 968 4280 Ordinatio
987 4211 1090 4303 igitur
1109 4210 1297 4303 diligenter,

101 4357 186 4427 quac
205 4333 408 4426 disponenda
426 4357 536 4404 rerum
556 4335 718 4427 poscebat
738 4341 887 4416 eventus,
913 4333 954 4404 ad
974 4335 1170 4407 electionem
1189 4339 1297 4428 lmpc-

101 4463 223 4530 retoris
251 4461 447 4530 unanimiter
475 4467 508 4530 et
537 4461 656 4532 devote
684 4461 911 4554 procedimus,
941 4467 976 4530 et
1004 4464 1089 4531 omni
1120 4463 1298 4533 ambitione

101 4587 232 4658 seclusa
269 4609 342 4656 cum
380 4609 437 4656 sex
473 4585 658 4658 Beronibus
692 4585 909 4669 Venetorum,
954 4587 1157 4660 venerabiles
1195 4591 1297 4676 uiros,
