3110 5076
290 357 366 431 204
579 370 676 428 Jussro
690 371 866 428 Vruurouuu
884 389 935 429 ruo
948 389 1050 428 uxrem
1064 387 1185 428 sancus.

811 615 951 688 LXXIII.

288 755 388 820 lassi·
410 757 491 822 lacta
511 759 628 822 asulae
645 758 732 823 urus
749 764 779 824 et
794 759 953 824 mutuis
969 759 1171 839 tenebam,
1195 768 1228 826 ut
1243 761 1349 826 lereti
1373 779 1473 823 onnes

289 865 326 927 ml
343 870 457 948 tenpus
470 867 585 931 rasela
598 869 667 930 anal
680 869 803 952 pronlnl
820 888 886 932 sese
902 869 1049 952 reciplut
1060 869 1198 934 teretius
1215 891 1268 953 pro
1285 869 1474 953 erpelltloue

495 975 532 1038 ml
548 977 779 1060 recuperandam
794 983 903 1042 terra·
920 984 1051 1042 sauata·
1068 980 1263 1062 susciptenda.

706 1117 737 1173 Α.
751 1118 776 1172 d.
791 1119 869 1180 1188,
886 1137 917 1174 m.
933 1119 1079 1175 Novembri.

379 1249 603 1332 llutograpbum
620 1270 686 1312 cum
704 1250 838 1313 manibus
861 1249 990 1334 propriis
1013 1255 1092 1314 extat
1113 1251 1141 1312 in
1163 1250 1229 1314 eod.
1246 1251 1313 1312 Lat.
1331 1250 1365 1313 S.
1385 1250 1478 1313 llarei

290 1357 327 1420 cl.
344 1355 419 1428 IIIV,
437 1357 504 1420 cod.
524 1357 639 1430 Lllllll,
658 1379 721 1424 nro.
740 1355 771 1420 4.
786 1359 810 1420 Α
823 1363 910 1442 tergo
927 1361 1100 1442 pergameni
1117 1365 1246 1424 notatum
1263 1369 1328 1423 est:
1355 1359 1475 1434 „1¹88.

289 1464 537 1529 Gierusalemme.
564 1467 636 1532 Orio
653 1467 833 1552 lIalipietro.
852 1489 914 1531 nro.
932 1468 1046 1533 xxw‘.

379 1641 414 1712 ln
439 1642 569 1713 nomine
594 1641 714 1712 domini
742 1641 794 1710 dei
822 1646 856 1710 et
882 1591 1055 1710 saluatoris
1084 1641 1188 1710 nostri
1215 1639 1317 1710 Jhesu
1342 1637 1475 1710 Christi.

290 1765 384 1838 Anno
419 1769 649 1841 incarnationis
683 1769 827 1840 eiusdem
859 1767 933 1838 mill.
964 1775 1050 1840 cent.
1081 1769 1305 1862 octuagesimo
1340 1773 1475 1847 octauo,

290 1919 400 1967 mense
419 1895 627 1982 Nouembris,
648 1898 712 1968 iud.
733 1900 879 1992 septima.
900 1898 1022 1968 Rronnrr.

380 2026 460 2097 Cum
494 2027 716 2120 uuusquisque
744 2025 838 2096 titulo
869 2025 1043 2096 Christiani
1078 2023 1207 2094 nomine
1242 2023 1418 2116 insignitus
1446 2021 1478 2092 iu

290 2176 481 2224 succursum
501 2160 614 2226 sancte
632 2155 730 2225 terris
750 2153 936 2237 orientalis,
960 2153 1001 2223 ad
1021 2175 1116 2248 mam
1135 2149 1281 2222 saluator
1299 2157 1415 2222 noster
1435 2147 1477 2218 de

289 2281 392 2376 patris
419 2281 491 2352 sinu
510 2281 714 2352 descendens
734 2283 765 2352 in
785 2306 824 2352 ea
843 2305 903 2376 pro
923 2279 1149 2375 redemptione
1168 2285 1280 2350 nostra
1306 2277 1479 2348 iufirmita-

288 2413 353 2480 tem
373 2411 479 2480 carnis
499 2415 533 2481 et
551 2410 658 2482 crucis
678 2431 742 2480 nou
763 2410 921 2506 despexit,
942 2409 1119 2504 opprobria
1134 2407 1296 2478 sustinere
1310 2411 1479 2487 teneatur,

289 2560 402 2610 manus
426 2562 591 2634 apponere
621 2545 654 2610 et
682 2539 805 2610 uiribus
832 2541 912 2611 totis
938 2537 1126 2610 elaborare:
1154 2559 1232 2619 nos,
1259 2558 1343 2628 quos
1369 2532 1479 2602 diuina

289 2666 412 2760 pietas,
438 2691 547 2738 rerum
566 2669 791 2762 temporalium
810 2667 1027 2738 habundantia
1047 2673 1080 2737 et
1104 2663 1310 2760 prudentium
1330 2662 1478 2732 uirorum

290 2795 383 2892 copia
412 2794 497 2864 inter
522 2793 724 2866 Christianos
751 2800 882 2866 ceteros
909 2793 1051 2865 reddidit
1077 2791 1261 2884 gloriosos,
1290 2797 1420 2884 patrum
1446 2795 1480 2858 et

289 2942 550 3016 progenerorum
572 2927 758 2992 nostrorum
783 2921 971 2992 industriam
994 2919 1198 3003 recolentes,
1228 2919 1282 3010 qui
1308 2917 1349 2988 ad
1375 2917 1478 3010 ipsius

287 3054 378 3118 terre
404 3047 627 3119 liberationem
652 3049 714 3118 iam
734 3047 853 3117 dudum
878 3053 949 3117 toto
969 3047 1140 3118 conamine
1158 3045 1346 3116 laborantes
1366 3041 1478 3136 adepti

287 3176 420 3246 luerunt
434 3175 508 3246 inde
522 3175 662 3257 laudem,
683 3175 820 3268 gloriam
835 3180 1026 3268 perpetuam
1046 3178 1080 3244 et
1097 3173 1270 3252 honorem,
1284 3170 1327 3242 ad
1347 3171 1477 3242 deffen-

290 3304 413 3374 sionem
440 3309 474 3374 et
497 3303 785 3373 conseruaciouem
812 3301 957 3373 eiusdem
991 3308 1081 3374 terre
1110 3308 1203 3373 tanto
1233 3323 1294 3370 nos
1319 3297 1478 3369 debemus

290 3453 495 3523 cognoscere
527 3431 629 3501 artius
661 3429 845 3523 obligatos,
879 3435 1000 3524 quanto
1028 3430 1068 3500 ad
1097 3430 1199 3524 ipsius
1227 3427 1478 3498 subueutionem

290 3557 456 3650 multiplici
475 3557 602 3627 ratione
621 3579 680 3650 per
700 3557 752 3626 dei
771 3558 910 3651 gratiam
929 3581 1101 3650 possumus
1118 3555 1299 3650 expeditius
1313 3553 1477 3623 laborare.

380 3683 589 3778 Quapropter
609 3706 669 3754 uos
685 3684 814 3779 quidem
832 3683 961 3755 Aureus
981 3685 1231 3777 llastropetrus‚
1251 3681 1358 3752 diuina
1379 3681 1478 3750 mise-

290 3812 430 3882 ricordia
449 3809 669 3894 venetiarum,
689 3811 846 3882 Dalmatis
862 3819 959 3904 atque
974 3811 1135 3883 Cbroacie
1154 3811 1238 3890 Dux,
1258 3809 1298 3879 ad
1318 3808 1479 3878 bonorem

292 3944 326 4009 et
344 3937 512 4009 utilitatem
531 3939 639 4009 tocius
659 3937 768 4033 populi
787 3939 985 4009 Venetorum
1005 3935 1112 4010 debita
1133 3936 1351 4008 sollicitudine
1370 3937 1478 4007 inten-

292 4065 426 4148 dentes,
455 4088 529 4136 sum
548 4065 716 4137 Judicibus
735 4071 769 4137 et
788 4066 996 4160 Sapientibus
1022 4066 1160 4149 nostris,
1187 4063 1428 4136 collaudatione
1447 4069 1479 4135 et

291 4193 537 4265 confirmatione
550 4189 800 4289 populivenet„
819 4215 880 4288 per
893 4191 977 4265 banc
991 4199 1137 4265 nostram
1154 4193 1316 4289 publicam
1336 4197 1479 4289 promis·

291 4323 391 4395 sionis
411 4331 534 4396 cartam
548 4319 728 4396 statuentes
741 4324 923 4406 statuimus,
943 4329 980 4396 ut
997 4325 1141 4396 uniuersi
1159 4324 1308 4397 homines
1323 4325 1478 4410 venecia,

289 4455 356 4523 tam
380 4450 498 4521 domini
518 4473 612 4546 quam
638 4451 743 4534 serui,
769 4457 803 4522 et
821 4472 934 4522 omnes
955 4451 1069 4536 etiam,
1095 4454 1148 4546 qui
1167 4454 1298 4524 nomine
1319 4451 1477 4528 venetico

292 4599 328 4646 sc
361 4576 568 4660 deffendunt,
603 4577 645 4648 ad
679 4578 816 4672 primum
849 4582 978 4670 tempus
1011 4577 1114 4648 Pasce
1145 4586 1325 4650 resurrect.
1358 4580 1478 4654 domini
