3110 5080
292 377 368 450 446
463 387 558 442 Parra
572 403 659 442 rnrnn
671 387 820 446 lirnmcun
835 390 992 446 bannorum
1005 405 1042 444 rr
1056 391 1299 446 Caucrsronaros.

384 561 420 630 ln
438 559 549 654 primis
569 560 709 630 omnium
728 567 851 632 armata
870 585 983 644 mann,
1010 559 1129 633 Christi
1152 559 1305 631 inuocato
1325 558 1462 638 nomine,

293 687 455 756 ciuitatem
483 707 667 780 expugnare
693 686 865 770 debemus;
890 695 925 758 et
951 687 977 757 si
1003 687 1110 760 diuina
1133 686 1303 756 auxiliante
1321 685 1462 778 potentia

293 813 456 904 ciuitatem
475 812 711 896 intrauerimus,
731 813 791 884 sub
807 837 920 885 eorum
938 815 1096 909 regimine
1115 813 1269 884 debemus
1288 834 1419 882 manere
1433 816 1463 880 ct

293 938 356 1022 irc,
384 939 435 1033 qui
455 938 575 1010 tuerint
593 963 691 1034 super
711 941 884 1012 exercitum
903 940 1072 1034 preelecti,
1093 947 1126 1012 et
1144 965 1201 1011 eos
1221 939 1327 1034 sequi,
1348 959 1462 1008 secun·

293 1066 367 1138 dum
387 1065 474 1160 quod
492 1066 588 1136 luerit
608 1065 799 1138 ordinatum.
871 1131 872 1136 ,

383 1193 502 1264 Totum
521 1193 649 1286 quidem
667 1192 801 1278 haume,
826 1194 914 1288 quod
932 1196 964 1265 in
984 1195 1115 1266 ciuitate
1134 1184 1298 1264 inuentum
1317 1192 1463 1273 fuerim

295 1319 440 1413 quolibet
458 1319 531 1390 duci
551 1317 649 1390 debet
668 1325 701 1390 et
718 1321 794 1413 poni
814 1322 844 1391 in
861 1343 998 1392 comune
1017 1345 1057 1393 eo
1077 1321 1163 1404 loco,
1183 1343 1248 1412 quo
1263 1321 1366 1390 suerit
1380 1317 1464 1389 ordi·

294 1453 414 1518 natum.
443 1447 492 1517 De
512 1469 576 1540 quo
599 1451 706 1517 tamen
728 1447 849 1518 bauere
870 1447 963 1519 nobis
986 1455 1018 1520 et
1045 1448 1191 1518 omnibus
1215 1445 1463 1539 (hominibusi)

293 1575 426 1646 Venetis
444 1583 512 1644 tres
530 1579 641 1667 partes
660 1571 780 1644 debent
798 1574 880 1645 solui
900 1599 960 1668 pro
980 1575 1033 1645 illo
1053 1575 1191 1658 benere,
1218 1573 1309 1667 quod
1328 1573 1464 1644 Allerius

293 1700 453 1795 quondam
472 1700 652 1794 Imperator
670 1699 764 1770 nobis
784 1707 818 1770 et
836 1701 931 1771 uobis
951 1701 1081 1772 soluere
1098 1701 1281 1772 tenebatur.
1313 1700 1463 1786 Quartam

292 1849 372 1900 uero
400 1835 526 1921 partem
554 1825 648 1896 uobis
675 1827 815 1898 retinere
844 1827 990 1909 debetis,
1025 1827 1131 1898 donec
1157 1827 1312 1897 fuerimus
1340 1827 1372 1896 in
1400 1828 1464 1920 ipsa

294 1953 461 2024 solucione
490 1951 682 2046 coequales;
710 1951 737 2022 si
764 1958 870 2024 autem
899 1953 1016 2046 aliquid
1044 1953 1206 2024 residuum
1234 1945 1384 2043 tuerit¹),
1410 1975 1467 2045 per

294 2079 496 2150 medietatem
529 2079 701 2148 internos
732 2085 766 2149 et
793 2103 854 2151 uos
881 2079 1040 2163 diuidere,
1074 2101 1176 2174 usque
1205 2079 1279 2148 dum
1312 2079 1464 2149 fuerimus

293 2207 443 2300 apactati.
474 2203 508 2272 Si
528 2226 608 2274 uero
628 2204 731 2274 minus
755 2205 871 2289 luerit,
897 2206 959 2290 ita,
984 2205 1070 2300 quod
1096 2229 1161 2276 non
1186 2206 1289 2300 possit
1314 2205 1464 2274 sufficere

293 2333 334 2404 ad
352 2337 563 2403 memoratum
583 2329 723 2400 debitum
741 2331 1003 2426 persolueudum‚
1022 2331 1248 2424 undecumque
1262 2330 1361 2401 luerit
1378 2331 1464 2424 prius

291 2460 412 2532 hauere
438 2459 643 2551 acquisitum,
670 2481 708 2528 ex
727 2479 767 2530 eo
786 2458 940 2531 debemus
961 2459 1079 2532 dictum
1106 2461 1248 2530 ordinem
1274 2459 1463 2540 obseruare,

292 2588 389 2660 saluis
415 2593 522 2658 tamen
549 2585 759 2668 uictualibus,
789 2610 850 2680 que
878 2587 998 2659 debent
1023 2587 1191 2659 obseruari
1220 2593 1254 2658 et
1277 2587 1376 2658 diuidi
1401 2595 1463 2658 tam

291 2715 424 2798 nostris,
451 2735 543 2808 quam
561 2713 680 2784 uestris
699 2714 872 2808 equaliter,
898 2715 959 2798 ita,
986 2717 1073 2808 quod
1098 2721 1237 2807 utraque
1260 2737 1336 2806 pars
1362 2714 1464 2806 possit

292 2841 365 2912 inde
384 2862 528 2933 congrue
549 2839 756 2910 substentari.
787 2839 880 2925 Quod
907 2847 1014 2911 autem
1039 2840 1204 2916 residuum
1222 2839 1340 2922 tuerit,
1369 2838 1465 2910 debet

294 2966 390 3038 diuidi
410 2963 563 3036 eumalio
583 2965 703 3035 bauere
721 2966 806 3035 iuxta
826 2966 970 3037 ordinem
989 2966 1257 3060 prenominatum.

383 3089 453 3162 Nos
479 3091 575 3161 etiam
600 3099 633 3161 et
659 3089 804 3160 homines
823 3090 964 3161 Venecie
989 3091 1091 3161 libere
1117 3096 1152 3162 et
1174 3087 1324 3161 absolute
1343 3091 1464 3185 absque

294 3219 378 3290 omni
399 3216 623 3289 controuersia
646 3239 706 3309 per
724 3221 828 3286 totum
847 3217 1016 3311 lmperium
1041 3217 1162 3288 habere
1181 3217 1335 3287 debemus
1354 3241 1465 3288 omnes

292 3342 555 3415 honorificentias
574 3348 608 3411 et
625 3343 869 3433 possessiones,
896 3366 975 3437 quas
996 3341 1122 3436 quidem
1142 3341 1263 3412 babere
1282 3365 1464 3414 consueue-

293 3493 417 3553 ramus,
445 3474 510 3539 tam
535 3468 567 3536 in
591 3466 827 3560 spiritualibus,
856 3493 948 3562 quam
972 3471 1004 3540 in
1022 3468 1271 3562 temporalibus,
1301 3477 1337 3540 et
1354 3493 1464 3542 omnes

293 3597 437 3668 rationes
446 3593 516 3664 siue
526 3592 790 3677 consuetudines,
806 3617 868 3686 que
882 3602 958 3665 sunt
971 3619 1043 3665 cum
1059 3595 1181 3688 scripto
1197 3601 1232 3664 et
1245 3595 1316 3664 sine
1331 3597 1463 3689 scripto.

381 3719 509 3790 Debent
535 3720 629 3788 ctiam
653 3741 709 3788 sex
734 3719 880 3791 homines
906 3721 982 3815 eligi
1006 3744 1067 3815 pro
1085 3727 1179 3814 parte
1198 3727 1331 3804 nostra,
1358 3729 1395 3793 et
1411 3747 1464 3793 ser

293 3871 353 3941 pro
373 3853 494 3929 uestra,
515 3846 567 3938 qui
586 3847 763 3917 iuramento
783 3848 905 3918 astricti
925 3871 994 3918 eam
1012 3869 1184 3941 personam
1203 3846 1327 3940 eligere
1348 3849 1465 3921 debent

297 3972 337 4044 de
358 3973 512 4055 exercitu,
533 3995 626 4065 quam
646 3971 781 4043 credent
799 3973 910 4044 melius
930 3975 1013 4044 scire
1032 3979 1157 4057 tenere,
1183 3979 1217 4046 et
1236 3973 1348 4044 melius
1367 3997 1463 4070 posse

294 4107 425 4182 tenere,
452 4105 485 4168 et
511 4098 623 4168 melius
642 4099 728 4169 scire
747 4100 898 4172 ordinare
916 4109 1036 4172 terram
1056 4111 1090 4172 et
1107 4101 1278 4194 Imperium
1297 4101 1341 4172 ad
1360 4102 1462 4173 hono·

294 4248 363 4296 rem
382 4225 443 4296 Dei
461 4231 494 4294 et
520 4212 631 4294 sancte
650 4227 792 4297 Romane
811 4227 959 4298 Ecclesie
983 4228 1180 4320 etlmperij.
1210 4227 1253 4298 Et
1271 4229 1298 4297 si
1318 4230 1351 4298 in
1370 4251 1462 4300 unum

293 4353 413 4425 tuerint
437 4350 636 4434 concordes,
663 4349 749 4422 illum
773 4353 926 4426 debemus
952 4355 1185 4449 Imperatorem
1208 4352 1348 4440 habere,
1373 4379 1462 4450 quem

293 4499 611 4510 -—.-—.————-——

319 4575 343 4642 ¹)
363 4575 609 4647 supplodebetis
627 4577 821 4632 malchomus.
