3130 5078
304 336 381 409 558
554 347 650 401 luuoc.
664 347 698 400 lll
710 363 801 402 erran.
816 364 853 401 so
867 363 979 402 cornua
994 365 1030 402 uu
1045 367 1174 405 roranou
1189 350 1234 404 Cr.

300 519 459 590 honestos
476 518 639 602 instituas,
664 525 762 611 prout
782 517 898 588 videris
918 519 1081 612 expedire,
1102 527 1167 591 tarn
1189 520 1221 590 in
1239 520 1315 604 hoc,
1336 544 1431 616 quarn
1451 521 1483 592 iu

300 646 369 717 aliis
384 647 626 740 suprascriptis,
651 645 780 716 sublato
799 645 1025 739 appellationis
1045 646 1230 732 obstaculo,
1252 672 1482 742 processurus.

300 773 384 844 Nulli
404 797 486 868 ergo
506 779 570 845 etc.
595 814 648 825 -
676 771 795 844 Datum
812 772 893 842 lllll.
913 772 983 846 llal.
1003 773 1100 844 lunii.

843 936 937 1008 ctu.

301 1060 489 1124 lunsccntlus
507 1059 548 1124 lll
572 1059 709 1124 uutrcrso
726 1059 807 1123 cler·
830 1065 860 1124 ct
882 1060 991 1142 populo
1013 1061 1045 1124 ln
1061 1059 1226 1124 curteum
1248 1061 1382 1125 ereren
1404 1061 1482 1143 apul

659 1168 942 1252 teusmutluopsllnr
960 1171 1132 1234 urrann.

298 1295 441 1368 Mandat,
456 1302 493 1359 ut
505 1315 602 1382 suaper
620 1295 725 1358 Terrae
740 1299 857 1360 sanctus
872 1295 1113 1381 recuperatione
1128 1295 1319 1381 Imperatori
1330 1295 1484 1360 Constan-

501 1403 710 1490 tinopolitano
727 1403 869 1468 tribuam
885 1404 1042 1468 cumdium
1058 1411 1089 1468 et
1104 1404 1277 1468 consilium.

709 1507 740 1562 n.
754 1507 779 1562 a.
794 1509 873 1570 anos,
892 1525 925 1561 m.
939 1509 1068 1581 ussup).

387 1601 571 1666 lnnoc.lll
595 1602 681 1686 epist.
706 1600 757 1664 lib.
781 1601 860 1672 Vlll,
889 1622 936 1685 ep.
955 1601 1043 1666 Llllll
1071 1602 1118 1666 ed.
1137 1603 1371 1689 Braiquigny
1394 1603 1429 1666 T.
1447 1602 1483 1675 ll,

300 1731 370 1795 pag.
384 1712 460 1782 706.
477 1713 527 1796 qui
543 1709 581 1776 de
597 1711 653 1774 hac
669 1717 699 1774 at
715 1711 852 1794 sequenti
869 1711 996 1794 epistola
1009 1711 1074 1776 hcc
1087 1711 1223 1776 adnotat:
1239 1713 1485 1800 ,epops-aplanen

295 1822 429 1886 ducrum
445 1820 595 1886 lacrumce
610 1820 826 1906 epistolarum,
844 1820 927 1906 quod
941 1821 985 1884 ad
994 1821 1090 1906 pidem
1105 1821 1289 1909 apopraplsi
1304 1823 1399 1887 Couti
1413 1843 1483 1887 cum

296 1929 409 1994 ceteris
424 1928 567 1993 exscribi
581 1948 813 2002 curaveramus,
829 1928 999 1992 emunitus
1011 1929 1138 2000 nostris.
1155 1950 1214 2016 pua
1227 1951 1303 1994 cusu
1315 1930 1483 2004 nescim,

295 2037 433 2112 eccidit,
463 2037 594 2122 ideoque
614 2043 801 2124 arpumenta
821 2035 874 2101 lic
897 2037 1107 2101 tautummodo
1129 2037 1283 2102 eclilere
1304 2059 1481 2125 possumus.

299 2148 406 2212 Verum
430 2167 448 2208 e
468 2144 595 2210 selredus
614 2145 748 2220 nostris,
771 2145 866 2209 lscsce
888 2144 1040 2231 epistolas
1060 2146 1094 2209 in
1115 2146 1314 2234 autopraplso
1337 2147 1483 2211 Arelioii

299 2254 439 2319 Vaticarn‘
449 2255 507 2338 fol.
526 2253 567 2317 19
583 2253 719 2316 insertas
735 2273 810 2326 esse,
832 2274 892 2340 pro
910 2261 1066 2338 comperta
1083 2253 1262 2318 labmnus“.

833 2403 944 2474 CLlll.

331 2526 516 2590 lnusceuttus
533 2525 574 2588 lll
591 2526 778 2590 letrlarclse
794 2532 825 2590 et
840 2527 979 2590 nutrcrss
995 2525 1076 2590 clero
1093 2527 1431 2609 turstano-sponsus.

292 2651 428 2727 Statuit,
452 2651 537 2738 qaod
557 2651 700 2715 uniuersi
718 2651 863 2737 praelati
884 2652 1134 2715 conventualium
1156 2651 1373 2717 Ecclesiurum
1389 2655 1481 2739 uprsd

293 2761 594 2846 Constantinopolim
610 2761 795 2845 positarum,
820 2779 889 2824 cum
904 2761 1079 2824 Ecclesium
1097 2762 1479 2848 Constantinopolitanam

292 2890 408 2934 uacare
424 2869 601 2956 contiperit
618 2869 653 2932 in
671 2868 815 2934 Ecclesia
831 2891 856 2932 a.
869 2867 998 2955 Sophite
1013 2869 1202 2938 conueniant
1217 2869 1262 2934 ad
1275 2872 1479 2936 tractandam

775 2977 816 3042 de
831 2978 992 3042 electione.

705 3085 735 3136 Α.
749 3084 774 3137 d.
791 3083 869 3146 1205.
890 3101 922 3136 rn.
936 3083 1065 3156 llaio(i).

380 3176 508 3241 lnuoc.
532 3176 569 3240 lll
589 3177 677 3260 epist.
702 3173 753 3239 lib.
777 3175 856 3248 Vlll,
881 3197 929 3259 ep.
946 3175 1048 3246 leV,
1072 3177 1119 3239 ed.
1138 3176 1362 3258 Briquigny
1383 3177 1420 3239 T.
1439 3177 1478 3246 ll.

291 3305 319 3367 p.
339 3286 403 3349 706
422 3283 498 3371 (rid.
517 3287 606 3368 epist.
624 3285 880 3371 antecedentem).

826 3434 934 3505 cclv.

291 3557 477 3622 tloulrnetlo
502 3557 681 3622 llcuclsrun
708 3557 910 3622 institutarum
931 3575 987 3640 per
1010 3557 1151 3620 aarum
1173 3557 1268 3636 teus,
1296 3556 1476 3622 lateststen

697 3667 1065 3750 constantinopolitanun.

682 3790 713 3844 A.
725 3790 752 3846 d.
766 3791 846 3855 1205,
859 3791 902 3846 die
914 3793 941 3845 2.
953 3809 986 3848 nr.
999 3789 1077 3844 iunii.

377 3899 471 3963 Liber
486 3900 576 3964 Albus
593 3900 644 3964 fol.
662 3900 714 3966 lo.
740 3901 833 3965 biber
848 3901 1004 3965 Paetorum
1020 3901 1042 3972 l,
1061 3897 1152 3964 luat.
1263 3939 1264 3942 =

377 4009 607 4073 Laurentius
633 4008 679 4072 de
708 4009 881 4074 llonacis
902 4027 970 4093 pag.
991 4007 1072 4073 142:
1102 4011 1177 4074 Post
1199 4009 1316 4073 otitscn
1337 4011 1477 4076 Henriei

284 4117 433 4183 Dondulo
455 4119 593 4204 populus
613 4118 739 4184 Venetus
761 4119 905 4184 existens
926 4121 961 4184 in
979 4117 1071 4205 Gpoli
1086 4119 1275 4184 Potestatem
1290 4117 1354 4182 sili
1370 4139 1473 4204 prae-

283 4229 407 4310 fecerat
421 4227 581 4292 Marinum
599 4227 693 4300 Genu.
716 4228 823 4314 itaque
840 4226 876 4312 (l.
894 4227 941 4292 ita
957 4227 1057 4314 quod)
1074 4225 1188 4291 deinde
1204 4233 1280 4314 past
1294 4227 1399 4314 ipsum
1417 4229 1475 4292 ille

286 4345 366 4402 esset
387 4336 549 4407 Potestas,
573 4356 662 4422 quem
683 4335 761 4400 Dua
779 4336 975 4400 llenetiarnm
991 4357 1060 4402 cum
1074 4357 1130 4402 suo
1147 4336 1277 4400 consitio
1299 4336 1377 4400 illuc
1396 4338 1474 4401 mit·

286 4453 376 4510 teret.
407 4443 470 4508 cn.
494 4443 545 4506 Le
567 4443 659 4506 Bret
683 4442 703 4504 l.
728 4441 748 4504 l.
773 4442 800 4515 l,
829 4466 858 4526 p.
883 4441 958 4508 lua.
999 4445 1033 4514 E.
1051 4444 1217 4524 Cicogna
1241 4443 1321 4507 delle
1345 4445 1474 4509 inseris.

286 4555 393 4616 Vener..
412 4553 460 4622 lv,
478 4553 551 4614 529.
572 4551 646 4614 538.
