3130 5078
473 352 569 406 innoc.
583 350 616 402 lll
630 365 719 404 nrrsr.
733 367 770 404 an
783 349 893 402 Manca.
907 349 1045 404 uesanos.
1265 335 1336 410 561

162 545 246 594 anno
265 493 631 604 contumacium,
659 519 836 592 indictione
866 519 1025 614 septima,
1054 512 1174 590 mensis
1201 519 1286 592 lunii
1310 521 1340 590 in

162 649 246 720 libro
266 649 329 720 isto
355 648 493 720 fideliter
512 646 704 740 exemplavi,
731 653 765 718 et
789 647 922 740 propria
950 669 1044 718 manu
1072 668 1143 717 mea
1162 646 1282 720 firmavi
1303 671 1342 718 ac

161 777 356 870 subscripsi.

708 953 801 1024 cul.
875 981 879 994 ’

418 1097 605 1161 innocentius
622 1096 662 1159 lll
681 1095 842 1160 larcllanl
859 1093 1081 1158 lentislemtl.

164 1242 201 1306 Ut
216 1242 364 1326 defendat
378 1249 410 1304 et
425 1246 550 1304 taceatur
559 1239 756 1326 eudjupatum
769 1237 1148 1324 Coasstaatinopola'tcaum
1160 1239 1339 1328 impactam,

182 1351 282 1416 donec
297 1351 387 1436 Papa
399 1349 498 1433 saers't
512 1348 621 1412 melias
637 1349 815 1417 instructas,
832 1368 875 1410 aa
891 1345 926 1410 id
940 1347 1062 1431 injuria
1073 1349 1173 1431 faerit
1185 1352 1316 1434 factam.

540 1491 569 1545 Α.
584 1487 610 1544 d.
624 1489 703 1550 1205,
721 1506 754 1542 m.
767 1487 914 1559 Septembri
921 1485 975 1560 (⁹)

252 1621 381 1684 lnnoc.
397 1619 445 1683 lll.
463 1623 551 1704 epist.
570 1618 622 1682 lib.
640 1617 713 1691 lllll,
732 1639 778 1702 ep.
797 1617 934 1681 CXXXlll
951 1617 997 1682 ed.
1019 1619 1088 1684 Bne
1101 1622 1243 1706 quigny
1259 1625 1294 1688 Τ.
1312 1624 1336 1688 ll

163 1749 232 1814 pag.
249 1726 324 1792 768.
348 1725 409 1792 cu.
426 1725 641 1814 Raynaldus
658 1728 676 1790 l.
694 1747 720 1790 c.
739 1727 771 1810 ξ.
789 1725 819 1788 7.
837 1727 867 1791 8.

250 1879 345 1966 Quod
370 1880 454 1948 inter
479 1899 576 1948 curas
601 1877 745 1946 diversas
764 1882 797 1945 et
816 1875 1049 1968 occupationes
1070 1882 1243 1954 mundanas
1262 1907 1327 1956 non

161 2005 264 2077 solum
279 2005 480 2099 multiplices,
499 2002 558 2073 sed
578 2007 744 2095 urgentes,
765 1999 805 2072 de
819 2001 921 2072 salute
941 2005 1064 2075 animae
1082 2013 1158 2077 tuae
1177 2009 1334 2081 sollicitus

164 2141 197 2204 et
214 2132 378 2204 studiosus
398 2132 526 2213 existis,
545 2128 748 2224 prudentiam
768 2135 801 2198 et
820 2127 1024 2200 devotionem
1044 2139 1132 2203 tuam
1150 2135 1182 2205 in
1201 2136 1341 2208 Domino

165 2259 437 2331 commendamus.
475 2255 564 2342 Quid
590 2259 680 2326 caim
706 2254 841 2346 (evang.
869 2255 980 2326 maath.
1007 2257 1075 2342 la,
1105 2261 1175 2353 26)
1201 2264 1341 2357 prodeat

170 2387 308 2466 domini,
336 2388 370 2457 ai
393 2383 553 2454 mandam
577 2385 775 2454 universam
799 2382 965 2465 lucretur,
997 2389 1130 2457 animae
1154 2413 1232 2459 aera
1258 2415 1342 2462 auae

170 2514 403 2585 detrimentum
423 2513 600 2607 patiatur?
629 2509 697 2580 Aoo
717 2533 815 2604 quam
833 2509 926 2581 dabit
942 2509 1039 2582 domo
1057 2521 1344 2589 commatationem

163 2667 228 2738 pro
244 2643 357 2712 anima
368 2639 455 2711 aaa?
477 2637 595 2710 Frater
608 2661 676 2708 non
691 2636 836 2718 redimit,
856 2636 998 2709 redimet
1014 2639 1135 2713 domo?
1155 2641 1231 2714 Noa
1249 2643 1342 2718 dabit

169 2767 241 2840 Deo
253 2768 478 2863 placationem
491 2790 598 2848 mam,
612 2788 675 2835 aec
685 2767 836 2860 pretium
851 2763 1087 2860 radcarptiomc
1101 2773 1235 2843 animae
1248 2797 1342 2844 auae.

172 2893 352 2966 Laborabit
369 2897 406 2965 ia
420 2902 604 2975 aeternam,
624 2901 657 2963 et
668 2895 757 2963 otoct
774 2894 811 2962 ia
825 2893 927 2984 finem
946 2892 1082 2984 (Psalm.
1098 2894 1162 2980 49,
1185 2899 1219 2969 7.
1236 2901 1271 2970 8.
1288 2902 1344 2993 9).

263 3023 456 3116 Recepimus
501 3044 636 3114 namque
679 3020 791 3090 literas
830 3025 903 3090 tuas
946 3043 1006 3113 per
1042 3021 1193 3095 dilectum
1236 3027 1345 3109 lilium,

170 3149 405 3247 S[ofredam]‚
435 3149 518 3220 tituli
543 3157 676 3219 sanctae
702 3147 854 3218 Praxedis
878 3147 1103 3242 presbyterum
1132 3151 1344 3234 cardinalem,

172 3282 286 3348 nostro
312 3273 506 3369 apostolatui
530 3281 772 3369 praesentatas,
800 3273 913 3366 quibus
932 3273 1027 3345 nobis
1045 3277 1194 3349 intimare
1213 3281 1345 3362 curasti,

173 3404 258 3498 quod
285 3403 385 3474 corde
411 3402 554 3472 contrito
581 3409 615 3471 et
638 3400 753 3494 spiritu
772 3399 903 3471 sincero
923 3400 962 3470 ad
982 3403 1181 3496 apostolicae
1200 3429 1347 3478 commo·

173 3530 303 3601 nitionis
322 3529 525 3612 mandatum,
554 3551 612 3623 spe
631 3527 850 3621 indulgentiae
869 3529 1031 3620 generalis
1050 3529 1219 3614 inductus,
1239 3541 1346 3606 votum

171 3659 278 3728 crucis
290 3656 480 3728 solemniter
494 3654 639 3738 emisisti,
659 3661 692 3724 et
706 3653 746 3724 ad
760 3653 791 3724 id
805 3652 942 3724 fideliter
960 3659 1220 3751 prosequendum
1239 3661 1347 3732 inien-

173 3785 246 3856 disti
257 3808 386 3878 semper
396 3785 533 3855 animum
548 3783 783 3876 incorruptum.
801 3780 896 3868 Quod
911 3787 1019 3854 autem
1033 3783 1115 3855 illius
1129 3785 1347 3859 adolescentis

173 3913 342 4006 suscepisti
372 3910 540 3993 ducatum,
566 3910 618 4002 qui
644 3909 805 3980 fatebatur
830 3907 1223 4004 constantinopolitanum
1242 3917 1349 4008 lmpe·

171 4039 252 4110 rium
268 4039 329 4108 sibi
344 4038 384 4109 de
399 4038 476 4130 jure
491 4037 614 4119 deberi,
635 4035 802 4108 consilium
818 4035 876 4106 luit
890 4036 998 4108 dilecti
1012 4038 1079 4120 tilii,
1100 4039 1245 4134 P[etra]‚
1264 4042 1347 4114 tituli

173 4167 277 4237 sancti
296 4165 437 4237 Marcelli
460 4165 643 4260 presbyteri
663 4163 857 4248 Cardinalis,
884 4165 1084 4265 apostolicae
1104 4165 1199 4239 Sedis
1218 4169 1347 4265 Legati,

173 4314 234 4362 nec
251 4299 317 4362 tam
335 4289 505 4389 humanum
526 4289 711 4374 consilium,
732 4313 825 4384 quam
844 4291 1024 4363 necessitas
1042 4294 1241 4388 importuna,
1262 4297 1348 4390 quod

174 4425 249 4514 post
269 4419 504 4490 ladertinensis
530 4418 666 4488 civitatis
693 4417 850 4488 excidium
869 4419 909 4489 ad
928 4419 1124 4514 acquirenda
1142 4421 1290 4496 victualia
1315 4423 1348 4494 in

175 4547 358 4617 Romaniam
377 4546 538 4616 exercitus
556 4543 744 4616 declinaret.

205 4667 295 4713 Fontes.
306 4667 353 4713 Xll.
1098 4667 1132 4722 ³6
