3148 5080
264 347 288 417 6
643 355 763 412 Psoron
776 357 1076 414 Jusrrnorourrarrun.

263 520 393 586 eundem
408 523 445 586 Τ.
463 521 513 594 lv,
529 542 560 606 p.
580 521 655 587 130.
680 520 790 588 Postea
807 521 957 588 bebret
972 524 993 598 l,
1011 543 1040 606 p.
1057 523 1134 596 193,
1151 522 1201 607 qui
1214 523 1345 608 diploma
1362 526 1460 609 ipsura

260 630 400 714 inspexit,
423 630 621 704 emendatius,
644 632 765 698 omissis
787 637 887 700 tamen
910 635 1031 700 testium
1055 630 1235 698 nominibus.
1260 633 1378 698 Primus
1403 632 1460 698 hoc

260 744 381 824 pactum
398 743 542 804 memorat
557 738 753 806 Dandulus
776 741 882 806 chron.
901 763 931 826 p.
950 742 1017 806 202
1034 741 1084 804 ed.
1102 741 1258 806 biuratorii
1275 740 1322 805 his
1340 741 1458 806 verbis:

257 869 323 935 per
352 849 436 912 idem
466 855 590 938 tempus
622 849 819 916 dodobertus
851 851 1042 940 locopositns
1072 859 1104 914 et
1128 851 1270 915 Joannes
1299 849 1459 922 scavinus,

260 959 461 1046 Ferapnsius
471 959 646 1024 advocatos
658 959 753 1024 totins
766 961 882 1046 populi
897 960 1036 1025 evasos
1047 959 1268 1045 monopolio,
1284 957 1360 1023 boio
1375 957 1462 1025 Daiei

262 1065 371 1153 (Petro
390 1065 542 1132 candiano
560 1066 602 1152 11)
619 1069 726 1132 orbem
744 1089 835 1134 mmm
846 1069 1036 1152 foederatam
1055 1075 1087 1132 et
1105 1069 1286 1132 sementem
1302 1067 1457 1142 coddeo-

260 1182 347 1254 reot,
361 1177 582 1264 promittentes
597 1198 784 1266 unoquoque
799 1198 882 1242 anno
901 1178 981 1242 darc
997 1183 1123 1242 comum
1139 1175 1312 1262 amphoras
1328 1173 1406 1252 cini,
1429 1181 1460 1240 et

266 1286 392 1352 Venetos
407 1286 442 1350 io
457 1293 521 1350 toto
537 1286 686 1352 districtu
701 1307 758 1352 ouo
775 1286 948 1370 defendere
964 1293 995 1350 et
1010 1306 1209 1351 conservare.
1231 1321 1235 1328 ·

353 1393 513 1479 Excerpsit
529 1414 584 1458 suo
601 1413 684 1458 more
701 1394 760 1459 hoc
776 1399 898 1479 pactum
914 1395 1034 1458 biarin
1051 1395 1088 1458 Τ.
1106 1391 1140 1468 u,
1158 1414 1187 1479 p.
1209 1390 1282 1457 150.

341 1543 528 1614 innomine
556 1543 677 1615 domini
703 1545 808 1615 nostri
826 1543 936 1615 Ybesu
956 1545 1090 1616 Christi.
1118 1545 1293 1636 Regnante
1322 1541 1457 1614 domino

262 1677 377 1742 nostro
404 1663 583 1764 Hugone¹)
609 1671 817 1742 serenissimo
848 1694 948 1766 rege,
976 1694 1062 1742 anno
1082 1669 1125 1742 v1
1151 1671 1203 1741 die
1227 1671 1314 1740 Xiill
1336 1669 1459 1740 mensis

262 1799 418 1883 Januarii‚
438 1797 617 1869 indictione
635 1797 674 1869 V.
703 1799 821 1869 Actum
840 1799 873 1869 in
892 1799 1021 1870 civitate
1040 1799 1206 1870 Josrnorou.

353 1929 462 2020 Opera
477 1925 623 1996 caritatis
638 1931 672 1996 ct
685 1925 812 1997 ductus
832 1927 954 2022 optime
972 1925 1148 1996 voluntatis
1168 1946 1298 2020 semper
1316 1924 1460 1995 animum

265 2051 307 2123 ad
321 2052 571 2123 retributionem
577 2042 610 2145 ²)
631 2051 692 2122 sibi
707 2056 774 2144 (et)
792 2054 986 2147 obsequium
1001 2053 1100 2124 debet
1114 2052 1307 2134 accendere,
1322 2051 1459 2122 marine

262 2203 343 2275 erga
362 2202 433 2264 eos,
459 2178 513 2272 qui
532 2179 720 2272 gratuitum·
736 2203 866 2275 semper
890 2188 924 2253 et
949 2181 1063 2252 solutis
1085 2179 1274 2274 impendunt
1293 2177 1457 2249 auxilium.
1571 2223 1572 2246 ,

263 2309 420 2402 Ideoque,
445 2306 519 2400 quia
538 2306 645 2378 divina
665 2309 771 2401 gratia
790 2309 970 2403 inspirante
989 2332 1048 2380 vos
1068 2308 1217 2378 dominus
1236 2304 1369 2386 Petras,
1393 2308 1458 2375 im·
1566 2301 1573 2350 4

261 2435 394 2532 periclis
407 2435 672 2528 Protospatarius
687 2443 721 2506 et
731 2435 898 2529 gloriosus
913 2435 1143 2505 Veneticorum
1156 2434 1241 2518 Dux,
1256 2432 1340 2503 tilius
1356 2433 1457 2503 Petro
1570 2455 1573 2536 3

262 2563 345 2634 Duci
372 2553 591 2655 Candian03),
621 2562 770 2634 omnibus
784 2563 900 2633 restris
919 2561 1122 2658 temporibus
1143 2569 1177 2632 et
1194 2583 1299 2654 usque
1317 2559 1359 2630 ad
1378 2583 1459 2654 pre-

264 2714 340 2762 sens
365 2689 521 2784 populum
540 2690 660 2760 civitati
685 2696 799 2762 nostre
818 2691 1041 2786 suprascripte
1060 2679 1328 2786 Justinopolim⁴)
1348 2694 1459 2758 mente

263 2815 412 2886 benivola
431 2817 634 2910 protexistis,
655 2823 689 2888 et
708 2815 749 2888 de
768 2823 882 2890 nostra
902 2815 1082 2888 salvatione
1101 2840 1213 2888 curam
1232 2839 1362 2912 semper
1381 2823 1458 2888 tan-

264 2966 360 3036 quam
378 2949 493 3037 pastor
512 2944 654 3037 optimus
673 2941 845 3027 habuistis,
875 2948 909 3013 et
935 2941 1208 3014 deambulavimus
1235 2966 1365 3038 semper
1384 2965 1459 3014 cum

265 3071 441 3140 securitate
466 3077 500 3141 et
526 3092 609 3163 pace
634 3093 694 3163 per
717 3075 847 3140 vestros
873 3069 966 3152 fines,
995 3068 1181 3162 nullumque
1201 3093 1377 3162 gravamen
1396 3093 1459 3142 nec

264 3196 450 3266 violentiam
473 3196 518 3266 ibi
546 3197 697 3290 perpessi
720 3219 849 3268 sumus:
873 3199 943 3290 jam
964 3201 1060 3268 antea
1083 3196 1124 3266 dc
1148 3199 1265 3268 vestris
1287 3195 1459 3268 debuimus

266 3322 415 3415 cogitare
433 3320 627 3408 honoribus,
651 3323 711 3394 sed
729 3348 790 3418 per
809 3331 923 3396 nostm
943 3323 1145 3417 negligentia
1164 3322 1229 3394 hoc
1247 3317 1457 3417 remansit⁵).

355 3447 450 3520 Nune
475 3450 586 3544 igitur,
615 3452 759 3544 quamvis
777 3451 884 3536 tarde,
911 3451 1108 3547 previdimus
1134 3473 1247 3522 omues
1267 3451 1458 3523 decivitate

265 3575 413 3672 predicta
439 3583 553 3649 nostra
572 3578 695 3673 optima
720 3578 899 3663 voluntate,
926 3577 1013 3649 nulla
1041 3579 1277 3650 interveniente
1305 3578 1459 3650 violentia

264 3727 372 3798 neque
398 3703 614 3790 districtione,
642 3711 676 3777 et
702 3707 829 3776 nemine
854 3728 1004 3798 umquam
1032 3711 1175 3801 cogente
1204 3713 1260 3776 aut
1286 3703 1458 3790 suadente,

265 3838 318 3904 set
339 3829 407 3904 leto
437 3833 540 3904 corde
568 3838 602 3904 et
631 3833 754 3917 auimo,
788 3839 824 3904 ut
852 3834 946 3925 juxta
976 3833 1063 3928 quod
1096 3825 1309 3929 possumus⁶)
1339 3833 1390 3906 vel
1418 3833 1459 3904 de

292 4213 318 4286 ¹)
338 4213 453 4285 Ugone
471 4214 577 4268 Lebret.
862 4222 864 4232 '
916 4213 945 4286 ⁸)
964 4213 1121 4269 civitatis
1141 4231 1164 4267 n.
1183 4233 1205 4268 s.
1223 4214 1460 4287 Justinopolis

291 4303 317 4372 1)
339 4323 354 4359 e
374 4303 836 4368 retributione...obs.Carti,
963 4301 1167 4358 Gariietbcbr.

338 4395 445 4449 Lebret.
914 4393 943 4467 ι)
962 4411 1036 4450 rem.
1056 4395 1116 4450 boc
1135 4393 1204 4450 Curii
1218 4397 1247 4448 ot
1259 4393 1337 4450 bobr.

292 4484 559 4556 ⁸)Potri1tueis
579 4483 745 4540 Cardiani
765 4485 835 4541 Carti
861 4486 863 4525 Ι
917 4485 943 4559 ⁸)
963 4502 1139 4558 possemus
1157 4483 1228 4540 Carti
1245 4484 1362 4539 ethebr.

339 4578 367 4629 et
380 4575 457 4628 Lebr.
