<?xml version="1.0" encoding="UTF-8"?>
<!DOCTYPE html PUBLIC "-//W3C//DTD XHTML 1.0 Transitional//EN"
    "http://www.w3.org/TR/xhtml1/DTD/xhtml1-transitional.dtd">
<html xmlns="http://www.w3.org/1999/xhtml" xml:lang="en" lang="en">
 <head>
  <title>
</title>
<meta http-equiv="Content-Type" content="text/html;charset=utf-8" />
  <meta name='ocr-system' content='tesseract 3.04.00' />
  <meta name='ocr-capabilities' content='ocr_page ocr_carea ocr_par ocr_line ocrx_word'/>
</head>
<body>
  <div class='ocr_page' id='page_1' title='image "./fontesrerumaust07kommgoog_0476.png"; bbox 0 0 3110 5080; ppageno 0'>
   <div class='ocr_carea' id='block_1_1' title="bbox 486 395 1258 475">
    <p class='ocr_par' dir='ltr' id='par_1_1' title="bbox 486 395 1258 475">
     <span class='ocr_line' id='line_1_1' title="bbox 486 395 1258 475; baseline 0.006 -14"><span class='ocrx_word' id='word_1_1' title='bbox 486 407 621 462; x_wconf 70' lang='lat' dir='ltr'><strong>Prsarum</strong></span> <span class='ocrx_word' id='word_1_2' title='bbox 636 421 722 460; x_wconf 81' lang='lat' dir='ltr'><strong>araur</strong></span> <span class='ocrx_word' id='word_1_3' title='bbox 735 404 853 460; x_wconf 78' lang='lat' dir='ltr'><strong>Gonnos.</strong></span> <span class='ocrx_word' id='word_1_4' title='bbox 1030 454 1034 475; x_wconf 75' lang='lat'><strong>,</strong></span> <span class='ocrx_word' id='word_1_5' title='bbox 1181 395 1258 468; x_wconf 69' lang='grc'><strong>453</strong></span> 
     </span>
    </p>
   </div>
   <div class='ocr_carea' id='block_1_2' title="bbox 73 569 1260 1972">
    <p class='ocr_par' dir='ltr' id='par_1_2' title="bbox 76 569 1260 866">
     <span class='ocr_line' id='line_1_2' title="bbox 80 569 1260 658; baseline -0.003 -20"><span class='ocrx_word' id='word_1_6' title='bbox 80 575 180 646; x_wconf 80' lang='grc'><strong><em>1840,</em></strong></span> <span class='ocrx_word' id='word_1_7' title='bbox 196 575 232 638; x_wconf 86' lang='grc' dir='ltr'><strong>Τ.</strong></span> <span class='ocrx_word' id='word_1_8' title='bbox 248 575 270 648; x_wconf 95' lang='lat' dir='ltr'><strong>l,</strong></span> <span class='ocrx_word' id='word_1_9' title='bbox 294 595 322 658; x_wconf 87' lang='lat' dir='ltr'><strong>p.</strong></span> <span class='ocrx_word' id='word_1_10' title='bbox 340 573 360 638; x_wconf 91' lang='lat'>8</span> <span class='ocrx_word' id='word_1_11' title='bbox 377 594 420 658; x_wconf 88' lang='lat' dir='ltr'><strong>sq.</strong></span> <span class='ocrx_word' id='word_1_12' title='bbox 450 572 477 638; x_wconf 89' lang='lat' dir='ltr'>N</span> <span class='ocrx_word' id='word_1_13' title='bbox 484 593 523 638; x_wconf 91' lang='lat' dir='ltr'><strong>os</strong></span> <span class='ocrx_word' id='word_1_14' title='bbox 546 575 576 636; x_wconf 93' lang='lat' dir='ltr'><strong>in</strong></span> <span class='ocrx_word' id='word_1_15' title='bbox 602 571 744 655; x_wconf 79' lang='lat' dir='ltr'>symbolis</span> <span class='ocrx_word' id='word_1_16' title='bbox 767 571 881 636; x_wconf 84' lang='lat' dir='ltr'><strong>criticis</strong></span> <span class='ocrx_word' id='word_1_17' title='bbox 897 569 934 635; x_wconf 85' lang='lat' dir='ltr'><strong>ad</strong></span> <span class='ocrx_word' id='word_1_18' title='bbox 950 589 1057 655; x_wconf 82' lang='lat' dir='ltr'>geogr.</span> <span class='ocrx_word' id='word_1_19' title='bbox 1074 571 1146 658; x_wconf 77' lang='lat' dir='ltr'><strong>Byr.</strong></span> <span class='ocrx_word' id='word_1_20' title='bbox 1170 569 1260 636; x_wconf 83' lang='lat' dir='ltr'><strong>Com·</strong></span> 
     </span>
     <span class='ocr_line' id='line_1_3' title="bbox 77 681 1258 767; baseline -0.002 -21"><span class='ocrx_word' id='word_1_21' title='bbox 77 688 172 746; x_wconf 89' lang='lat' dir='ltr'><strong>ment.</strong></span> <span class='ocrx_word' id='word_1_22' title='bbox 187 683 224 746; x_wconf 94' lang='lat' dir='ltr'><strong>ll.</strong></span> <span class='ocrx_word' id='word_1_23' title='bbox 252 683 284 747; x_wconf 90' lang='lat' dir='ltr'><strong>ln</strong></span> <span class='ocrx_word' id='word_1_24' title='bbox 306 683 353 746; x_wconf 92' lang='lat' dir='ltr'><strong>bis</strong></span> <span class='ocrx_word' id='word_1_25' title='bbox 376 683 554 767; x_wconf 79' lang='lat' dir='ltr'><strong>acquievere</strong></span> <span class='ocrx_word' id='word_1_26' title='bbox 576 682 805 750; x_wconf 81' lang='lat' dir='ltr'><strong>liomaninus</strong></span> <span class='ocrx_word' id='word_1_27' title='bbox 825 681 864 753; x_wconf 91' lang='lat' dir='ltr'><strong>ll,</strong></span> <span class='ocrx_word' id='word_1_28' title='bbox 891 681 955 746; x_wconf 81' lang='lat'><strong>182</strong></span> <span class='ocrx_word' id='word_1_29' title='bbox 976 681 995 745; x_wconf 94' lang='lat' dir='ltr'><strong>l.</strong></span> <span class='ocrx_word' id='word_1_30' title='bbox 1013 701 1040 744; x_wconf 91' lang='lat' dir='ltr'><strong>c.</strong></span> <span class='ocrx_word' id='word_1_31' title='bbox 1064 687 1094 745; x_wconf 92' lang='lat' dir='ltr'><strong>ct</strong></span> <span class='ocrx_word' id='word_1_32' title='bbox 1114 681 1258 764; x_wconf 71' lang='lat' dir='ltr'><strong>Finlay,</strong></span> 
     </span>
     <span class='ocr_line' id='line_1_4' title="bbox 76 791 285 866; baseline 0.01 -10"><span class='ocrx_word' id='word_1_33' title='bbox 76 791 99 856; x_wconf 93' lang='lat' dir='ltr'><strong>l.</strong></span> <span class='ocrx_word' id='word_1_34' title='bbox 117 793 137 856; x_wconf 92' lang='lat' dir='ltr'><strong>l.</strong></span> <span class='ocrx_word' id='word_1_35' title='bbox 155 793 192 866; x_wconf 95' lang='lat' dir='ltr'><strong>ll,</strong></span> <span class='ocrx_word' id='word_1_36' title='bbox 210 795 285 858; x_wconf 82' lang='lat'>329.</span> 
     </span>
    </p>

    <p class='ocr_par' dir='ltr' id='par_1_3' title="bbox 73 897 1259 1863">
     <span class='ocr_line' id='line_1_5' title="bbox 174 897 1251 984; baseline -0.002 -17"><span class='ocrx_word' id='word_1_37' title='bbox 174 903 252 967; x_wconf 84' lang='lat' dir='ltr'><strong>llere</strong></span> <span class='ocrx_word' id='word_1_38' title='bbox 274 903 343 966; x_wconf 90' lang='lat' dir='ltr'><strong>anni</strong></span> <span class='ocrx_word' id='word_1_39' title='bbox 367 898 453 965; x_wconf 74' lang='lat'><strong>1204</strong></span> <span class='ocrx_word' id='word_1_40' title='bbox 475 919 541 964; x_wconf 90' lang='lat' dir='ltr'><strong>cum</strong></span> <span class='ocrx_word' id='word_1_41' title='bbox 562 897 683 963; x_wconf 80' lang='lat' dir='ltr'><strong>lllnndri</strong></span> <span class='ocrx_word' id='word_1_42' title='bbox 708 898 861 984; x_wconf 79' lang='lat' dir='ltr'><strong>Gallique.</strong></span> <span class='ocrx_word' id='word_1_43' title='bbox 890 899 1103 983; x_wconf 72' lang='lat' dir='ltr'><strong>opitulantibus</strong></span> <span class='ocrx_word' id='word_1_44' title='bbox 1128 901 1251 966; x_wconf 86' lang='lat' dir='ltr'><strong>Venetis</strong></span> 
     </span>
     <span class='ocr_line' id='line_1_6' title="bbox 77 1008 1259 1096; baseline -0.003 -19"><span class='ocrx_word' id='word_1_45' title='bbox 77 1011 361 1096; x_wconf 74' lang='lat' dir='ltr'><strong>Constantinopolin</strong></span> <span class='ocrx_word' id='word_1_46' title='bbox 384 1009 596 1075; x_wconf 79' lang='lat' dir='ltr'><strong>secundarios</strong></span> <span class='ocrx_word' id='word_1_47' title='bbox 612 1010 783 1092; x_wconf 76' lang='lat' dir='ltr'><strong>cepissent,</strong></span> <span class='ocrx_word' id='word_1_48' title='bbox 807 1008 924 1091; x_wconf 82' lang='lat' dir='ltr'><strong>singula</strong></span> <span class='ocrx_word' id='word_1_49' title='bbox 947 1029 999 1072; x_wconf 86' lang='lat' dir='ltr'><strong>cos</strong></span> <span class='ocrx_word' id='word_1_50' title='bbox 1021 1009 1141 1094; x_wconf 88' lang='lat' dir='ltr'><strong>imperii</strong></span> <span class='ocrx_word' id='word_1_51' title='bbox 1157 1008 1259 1075; x_wconf 78' lang='lat' dir='ltr'><strong>Graeci</strong></span> 
     </span>
     <span class='ocr_line' id='line_1_7' title="bbox 75 1115 1258 1205; baseline -0.001 -20"><span class='ocrx_word' id='word_1_52' title='bbox 75 1121 212 1187; x_wconf 89' lang='lat' dir='ltr'><strong>membra</strong></span> <span class='ocrx_word' id='word_1_53' title='bbox 224 1123 302 1186; x_wconf 88' lang='lat' dir='ltr'><strong>iuter</strong></span> <span class='ocrx_word' id='word_1_54' title='bbox 314 1141 348 1184; x_wconf 91' lang='lat' dir='ltr'><strong>se</strong></span> <span class='ocrx_word' id='word_1_55' title='bbox 360 1121 485 1205; x_wconf 88' lang='lat' dir='ltr'><strong>partitos</strong></span> <span class='ocrx_word' id='word_1_56' title='bbox 498 1138 567 1182; x_wconf 90' lang='lat' dir='ltr'><strong>esse</strong></span> <span class='ocrx_word' id='word_1_57' title='bbox 579 1121 705 1183; x_wconf 88' lang='lat' dir='ltr'><strong>constat.</strong></span> <span class='ocrx_word' id='word_1_58' title='bbox 723 1115 815 1200; x_wconf 82' lang='lat' dir='ltr'><strong>Cujus</strong></span> <span class='ocrx_word' id='word_1_59' title='bbox 827 1117 872 1182; x_wconf 90' lang='lat' dir='ltr'><strong>rei</strong></span> <span class='ocrx_word' id='word_1_60' title='bbox 885 1118 1059 1204; x_wconf 82' lang='lat' dir='ltr'><strong>negotiique</strong></span> <span class='ocrx_word' id='word_1_61' title='bbox 1075 1117 1258 1204; x_wconf 86' lang='lat' dir='ltr'><strong>descriptio-</strong></span> 
     </span>
     <span class='ocr_line' id='line_1_8' title="bbox 75 1227 1257 1316; baseline -0.002 -20"><span class='ocrx_word' id='word_1_62' title='bbox 75 1253 146 1296; x_wconf 90' lang='lat' dir='ltr'><strong>nem</strong></span> <span class='ocrx_word' id='word_1_63' title='bbox 174 1229 409 1316; x_wconf 77' lang='lat' dir='ltr'><strong>geographicam</strong></span> <span class='ocrx_word' id='word_1_64' title='bbox 438 1249 454 1293; x_wconf 93' lang='lat' dir='ltr'><strong>a</strong></span> <span class='ocrx_word' id='word_1_65' title='bbox 482 1227 598 1293; x_wconf 84' lang='lat' dir='ltr'><strong>Graecia</strong></span> <span class='ocrx_word' id='word_1_66' title='bbox 625 1227 752 1292; x_wconf 82' lang='lat' dir='ltr'><strong>deuictis</strong></span> <span class='ocrx_word' id='word_1_67' title='bbox 784 1227 919 1290; x_wconf 76' lang='lat' dir='ltr'><strong>babilam</strong></span> <span class='ocrx_word' id='word_1_68' title='bbox 946 1247 1032 1291; x_wconf 87' lang='lat' dir='ltr'><strong>neme</strong></span> <span class='ocrx_word' id='word_1_69' title='bbox 1061 1229 1257 1313; x_wconf 77' lang='lat' dir='ltr'><strong>exspectabit.</strong></span> 
     </span>
     <span class='ocr_line' id='line_1_9' title="bbox 77 1337 1257 1422; baseline 0.001 -17"><span class='ocrx_word' id='word_1_70' title='bbox 77 1341 193 1406; x_wconf 86' lang='lat' dir='ltr'><strong>Horum</strong></span> <span class='ocrx_word' id='word_1_71' title='bbox 210 1343 239 1405; x_wconf 95' lang='lat' dir='ltr'><strong>in</strong></span> <span class='ocrx_word' id='word_1_72' title='bbox 254 1341 307 1405; x_wconf 89' lang='lat' dir='ltr'><strong>tali</strong></span> <span class='ocrx_word' id='word_1_73' title='bbox 325 1339 492 1404; x_wconf 78' lang='lat' dir='ltr'><strong>calamitate</strong></span> <span class='ocrx_word' id='word_1_74' title='bbox 508 1338 549 1402; x_wconf 92' lang='lat' dir='ltr'><strong>nil</strong></span> <span class='ocrx_word' id='word_1_75' title='bbox 565 1337 644 1402; x_wconf 85' lang='lat' dir='ltr'><strong>aliud</strong></span> <span class='ocrx_word' id='word_1_76' title='bbox 661 1343 742 1410; x_wconf 82' lang='lat' dir='ltr'><strong>eret,</strong></span> <span class='ocrx_word' id='word_1_77' title='bbox 765 1357 851 1422; x_wconf 88' lang='lat' dir='ltr'><strong>quam</strong></span> <span class='ocrx_word' id='word_1_78' title='bbox 867 1337 939 1401; x_wconf 87' lang='lat' dir='ltr'><strong>(liris</strong></span> <span class='ocrx_word' id='word_1_79' title='bbox 956 1358 991 1402; x_wconf 91' lang='lat' dir='ltr'><strong>ac</strong></span> <span class='ocrx_word' id='word_1_80' title='bbox 1008 1337 1257 1406; x_wconf 86' lang='lat' dir='ltr'><strong>detestationibus</strong></span> 
     </span>
     <span class='ocr_line' id='line_1_10' title="bbox 78 1447 1256 1537; baseline -0.001 -21"><span class='ocrx_word' id='word_1_81' title='bbox 78 1457 220 1537; x_wconf 85' lang='lat' dir='ltr'><strong>raptores</strong></span> <span class='ocrx_word' id='word_1_82' title='bbox 254 1448 457 1516; x_wconf 85' lang='lat' dir='ltr'><strong>occidentales</strong></span> <span class='ocrx_word' id='word_1_83' title='bbox 492 1450 648 1535; x_wconf 88' lang='lat' dir='ltr'><strong>persequi,</strong></span> <span class='ocrx_word' id='word_1_84' title='bbox 679 1447 756 1534; x_wconf 86' lang='lat' dir='ltr'><strong>quod</strong></span> <span class='ocrx_word' id='word_1_85' title='bbox 791 1447 962 1512; x_wconf 88' lang='lat' dir='ltr'><strong>Nicetam</strong></span> <span class='ocrx_word' id='word_1_86' title='bbox 993 1449 1256 1515; x_wconf 76' lang='lat' dir='ltr'><strong>Abominatum</strong></span> 
     </span>
     <span class='ocr_line' id='line_1_11' title="bbox 73 1558 1257 1646; baseline -0.001 -20"><span class='ocrx_word' id='word_1_87' title='bbox 73 1561 191 1626; x_wconf 82' lang='lat' dir='ltr'><strong>fecisse</strong></span> <span class='ocrx_word' id='word_1_88' title='bbox 208 1562 334 1634; x_wconf 90' lang='lat' dir='ltr'><strong>scimus;</strong></span> <span class='ocrx_word' id='word_1_89' title='bbox 351 1565 402 1625; x_wconf 89' lang='lat' dir='ltr'><strong>aut</strong></span> <span class='ocrx_word' id='word_1_90' title='bbox 416 1580 480 1626; x_wconf 88' lang='lat' dir='ltr'><strong>rem</strong></span> <span class='ocrx_word' id='word_1_91' title='bbox 496 1558 651 1642; x_wconf 82' lang='lat' dir='ltr'><strong>lugubrem</strong></span> <span class='ocrx_word' id='word_1_92' title='bbox 668 1558 750 1622; x_wconf 86' lang='lat' dir='ltr'><strong>brevi</strong></span> <span class='ocrx_word' id='word_1_93' title='bbox 766 1561 935 1623; x_wconf 89' lang='lat' dir='ltr'><strong>narratione</strong></span> <span class='ocrx_word' id='word_1_94' title='bbox 950 1579 1109 1644; x_wconf 85' lang='lat' dir='ltr'><strong>exponere,</strong></span> <span class='ocrx_word' id='word_1_95' title='bbox 1129 1559 1160 1624; x_wconf 86' lang='lat' dir='ltr'><strong>id</strong></span> <span class='ocrx_word' id='word_1_96' title='bbox 1176 1561 1257 1646; x_wconf 83' lang='lat' dir='ltr'><strong>quod</strong></span> 
     </span>
     <span class='ocr_line' id='line_1_12' title="bbox 74 1665 1256 1754; baseline 0.001 -21"><span class='ocrx_word' id='word_1_97' title='bbox 74 1669 249 1754; x_wconf 82' lang='lat' dir='ltr'><strong>Georgio</strong></span> <span class='ocrx_word' id='word_1_98' title='bbox 264 1667 512 1754; x_wconf 79' lang='lat' dir='ltr'><strong>Acropolitae</strong></span> <span class='ocrx_word' id='word_1_99' title='bbox 528 1665 649 1751; x_wconf 89' lang='lat' dir='ltr'><strong>placuit,</strong></span> <span class='ocrx_word' id='word_1_100' title='bbox 666 1667 736 1731; x_wconf 93' lang='lat' dir='ltr'><strong>item</strong></span> <span class='ocrx_word' id='word_1_101' title='bbox 752 1667 994 1752; x_wconf 82' lang='lat' dir='ltr'><strong>prraemio‚</strong></span> <span class='ocrx_word' id='word_1_102' title='bbox 1012 1670 1125 1734; x_wconf 89' lang='lat' dir='ltr'><strong>auctori</strong></span> <span class='ocrx_word' id='word_1_103' title='bbox 1142 1668 1256 1734; x_wconf 82' lang='lat' dir='ltr'><strong>Chro-</strong></span> 
     </span>
     <span class='ocr_line' id='line_1_13' title="bbox 74 1777 1254 1863; baseline 0.001 -20"><span class='ocrx_word' id='word_1_104' title='bbox 74 1777 1254 1863; x_wconf 84' lang='lat' dir='ltr'><strong>nicibloreotici,NicepboroGregorae,Georgionrantrae.</strong></span> 
     </span>
    </p>

    <p class='ocr_par' dir='ltr' id='par_1_4' title="bbox 167 1886 1256 1972">
     <span class='ocr_line' id='line_1_14' title="bbox 167 1886 1256 1972; baseline 0.002 -20"><span class='ocrx_word' id='word_1_105' title='bbox 167 1888 363 1953; x_wconf 85' lang='lat' dir='ltr'><strong>Nihilominus</strong></span> <span class='ocrx_word' id='word_1_106' title='bbox 380 1887 624 1972; x_wconf 83' lang='lat' dir='ltr'><strong>operaepretium</strong></span> <span class='ocrx_word' id='word_1_107' title='bbox 641 1886 784 1959; x_wconf 83' lang='lat' dir='ltr'><strong>duximus,</strong></span> <span class='ocrx_word' id='word_1_108' title='bbox 805 1887 909 1950; x_wconf 88' lang='lat' dir='ltr'><strong>borum</strong></span> <span class='ocrx_word' id='word_1_109' title='bbox 926 1887 1103 1972; x_wconf 90' lang='lat' dir='ltr'><strong>scriptorum</strong></span> <span class='ocrx_word' id='word_1_110' title='bbox 1121 1887 1222 1960; x_wconf 84' lang='lat' dir='ltr'><strong>verba,</strong></span> <span class='ocrx_word' id='word_1_111' title='bbox 1239 1909 1256 1954; x_wconf 91' lang='lat' dir='ltr'><strong>a</strong></span> 
     </span>
    </p>
   </div>
   <div class='ocr_carea' id='block_1_3' title="bbox 71 1995 1257 2520">
    <p class='ocr_par' dir='ltr' id='par_1_5' title="bbox 71 1995 1257 2520">
     <span class='ocr_line' id='line_1_15' title="bbox 76 1995 1255 2083; baseline -0.002 -22"><span class='ocrx_word' id='word_1_112' title='bbox 76 1999 184 2082; x_wconf 88' lang='lat' dir='ltr'><strong>paucis</strong></span> <span class='ocrx_word' id='word_1_113' title='bbox 212 1997 413 2062; x_wconf 87' lang='lat' dir='ltr'><strong>recentiorum</strong></span> <span class='ocrx_word' id='word_1_114' title='bbox 441 1995 614 2078; x_wconf 82' lang='lat' dir='ltr'><strong>diligentius</strong></span> <span class='ocrx_word' id='word_1_115' title='bbox 641 1995 736 2068; x_wconf 86' lang='lat' dir='ltr'><strong>lecta,</strong></span> <span class='ocrx_word' id='word_1_116' title='bbox 763 1996 843 2060; x_wconf 86' lang='lat' dir='ltr'><strong>lectu</strong></span> <span class='ocrx_word' id='word_1_117' title='bbox 865 2003 962 2061; x_wconf 92' lang='lat' dir='ltr'><strong>tamen</strong></span> <span class='ocrx_word' id='word_1_118' title='bbox 990 2017 1133 2083; x_wconf 86' lang='lat' dir='ltr'><strong>perquam</strong></span> <span class='ocrx_word' id='word_1_119' title='bbox 1155 1997 1255 2081; x_wconf 80' lang='lat' dir='ltr'><strong>digne,</strong></span> 
     </span>
     <span class='ocr_line' id='line_1_16' title="bbox 73 2104 1257 2191; baseline 0.001 -22"><span class='ocrx_word' id='word_1_120' title='bbox 73 2107 163 2190; x_wconf 88' lang='lat' dir='ltr'><strong>quasi</strong></span> <span class='ocrx_word' id='word_1_121' title='bbox 184 2105 405 2170; x_wconf 80' lang='lat' dir='ltr'><strong>fundamentum</strong></span> <span class='ocrx_word' id='word_1_122' title='bbox 421 2105 595 2169; x_wconf 88' lang='lat' dir='ltr'><strong>historicum</strong></span> <span class='ocrx_word' id='word_1_123' title='bbox 611 2105 765 2190; x_wconf 83' lang='lat' dir='ltr'><strong>sequentis</strong></span> <span class='ocrx_word' id='word_1_124' title='bbox 781 2104 950 2188; x_wconf 85' lang='lat' dir='ltr'><strong>diplomatis</strong></span> <span class='ocrx_word' id='word_1_125' title='bbox 966 2105 1162 2190; x_wconf 80' lang='lat' dir='ltr'><strong>geographici</strong></span> <span class='ocrx_word' id='word_1_126' title='bbox 1179 2127 1257 2191; x_wconf 84' lang='lat' dir='ltr'><strong>prse-</strong></span> 
     </span>
     <span class='ocr_line' id='line_1_17' title="bbox 74 2213 1255 2300; baseline 0.001 -23"><span class='ocrx_word' id='word_1_127' title='bbox 74 2217 210 2290; x_wconf 90' lang='lat' dir='ltr'><strong>mittere;</strong></span> <span class='ocrx_word' id='word_1_128' title='bbox 227 2214 298 2280; x_wconf 93' lang='lat' dir='ltr'><strong>binc</strong></span> <span class='ocrx_word' id='word_1_129' title='bbox 310 2215 345 2278; x_wconf 81' lang='lat' dir='ltr'><strong>ad</strong></span> <span class='ocrx_word' id='word_1_130' title='bbox 360 2215 523 2298; x_wconf 83' lang='lat' dir='ltr'><strong>scriptores</strong></span> <span class='ocrx_word' id='word_1_131' title='bbox 540 2214 739 2278; x_wconf 89' lang='lat' dir='ltr'><strong>occidentales</strong></span> <span class='ocrx_word' id='word_1_132' title='bbox 757 2235 780 2278; x_wconf 89' lang='lat' dir='ltr'><strong>s.</strong></span> <span class='ocrx_word' id='word_1_133' title='bbox 797 2213 929 2286; x_wconf 79' lang='lat' dir='ltr'><strong>Latinos,</strong></span> <span class='ocrx_word' id='word_1_134' title='bbox 953 2215 1005 2278; x_wconf 89' lang='lat' dir='ltr'><strong>isti</strong></span> <span class='ocrx_word' id='word_1_135' title='bbox 1021 2234 1084 2280; x_wconf 81' lang='lat' dir='ltr'><strong>aevo</strong></span> <span class='ocrx_word' id='word_1_136' title='bbox 1100 2237 1255 2300; x_wconf 85' lang='lat' dir='ltr'><strong>suppares,</strong></span> 
     </span>
     <span class='ocr_line' id='line_1_18' title="bbox 72 2317 1254 2408; baseline 0.003 -22"><span class='ocrx_word' id='word_1_137' title='bbox 72 2325 220 2396; x_wconf 86' lang='lat' dir='ltr'><strong>trausire;</strong></span> <span class='ocrx_word' id='word_1_138' title='bbox 250 2343 316 2387; x_wconf 85' lang='lat' dir='ltr'><strong>mox</strong></span> <span class='ocrx_word' id='word_1_139' title='bbox 337 2317 432 2408; x_wconf 84' lang='lat' dir='ltr'><strong>ipsum</strong></span> <span class='ocrx_word' id='word_1_140' title='bbox 456 2324 542 2404; x_wconf 83' lang='lat' dir='ltr'><strong>regni</strong></span> <span class='ocrx_word' id='word_1_141' title='bbox 559 2321 656 2387; x_wconf 80' lang='lat' dir='ltr'><strong>Graeci</strong></span> <span class='ocrx_word' id='word_1_142' title='bbox 672 2343 728 2406; x_wconf 88' lang='lat' dir='ltr'><strong>per</strong></span> <span class='ocrx_word' id='word_1_143' title='bbox 743 2323 864 2387; x_wconf 83' lang='lat' dir='ltr'><strong>Latinos</strong></span> <span class='ocrx_word' id='word_1_144' title='bbox 880 2323 1069 2408; x_wconf 83' lang='lat' dir='ltr'><strong>partitionem</strong></span> <span class='ocrx_word' id='word_1_145' title='bbox 1086 2323 1254 2398; x_wconf 86' lang='lat' dir='ltr'><strong>illustrere;</strong></span> 
     </span>
     <span class='ocr_line' id='line_1_19' title="bbox 71 2431 842 2520; baseline -0.004 -21"><span class='ocrx_word' id='word_1_146' title='bbox 71 2439 227 2520; x_wconf 88' lang='lat' dir='ltr'><strong>postremo</strong></span> <span class='ocrx_word' id='word_1_147' title='bbox 244 2432 391 2498; x_wconf 87' lang='lat' dir='ltr'><strong>editiones</strong></span> <span class='ocrx_word' id='word_1_148' title='bbox 406 2434 502 2498; x_wconf 89' lang='lat' dir='ltr'><strong>nostri</strong></span> <span class='ocrx_word' id='word_1_149' title='bbox 518 2431 611 2497; x_wconf 90' lang='lat' dir='ltr'><strong>libelli</strong></span> <span class='ocrx_word' id='word_1_150' title='bbox 627 2433 842 2518; x_wconf 84' lang='lat' dir='ltr'><strong>perstringere.</strong></span> 
     </span>
    </p>
   </div>
   <div class='ocr_carea' id='block_1_4' title="bbox 66 2523 1256 4708">
    <p class='ocr_par' dir='ltr' id='par_1_6' title="bbox 66 2523 1256 4708">
     <span class='ocr_line' id='line_1_20' title="bbox 173 2523 1256 2628; baseline 0.002 -22"><span class='ocrx_word' id='word_1_151' title='bbox 173 2543 254 2624; x_wconf 82' lang='lat' dir='ltr'><strong>Ergo</strong></span> <span class='ocrx_word' id='word_1_152' title='bbox 270 2543 384 2626; x_wconf 90' lang='lat' dir='ltr'><strong>primus</strong></span> <span class='ocrx_word' id='word_1_153' title='bbox 401 2523 578 2628; x_wconf 87' lang='lat' dir='ltr'><strong>scriptorum</strong></span> <span class='ocrx_word' id='word_1_154' title='bbox 592 2541 764 2607; x_wconf 85' lang='lat' dir='ltr'><strong>Graecorum</strong></span> <span class='ocrx_word' id='word_1_155' title='bbox 776 2546 823 2606; x_wconf 90' lang='lat' dir='ltr'><strong>est</strong></span> <span class='ocrx_word' id='word_1_156' title='bbox 838 2541 996 2607; x_wconf 84' lang='lat' dir='ltr'><strong>Nicetes</strong></span> <span class='ocrx_word' id='word_1_157' title='bbox 1012 2543 1256 2608; x_wconf 89' lang='lat' dir='ltr'><strong>llcominatus</strong></span> 
     </span>
     <span class='ocr_line' id='line_1_21' title="bbox 77 2651 1256 2739; baseline 0.003 -25"><span class='ocrx_word' id='word_1_158' title='bbox 77 2653 108 2716; x_wconf 91' lang='lat' dir='ltr'><strong>in</strong></span> <span class='ocrx_word' id='word_1_159' title='bbox 125 2651 270 2716; x_wconf 79' lang='lat' dir='ltr'><strong>balduino</strong></span> <span class='ocrx_word' id='word_1_160' title='bbox 287 2651 415 2716; x_wconf 82' lang='lat' dir='ltr'><strong>Fleudro</strong></span> <span class='ocrx_word' id='word_1_161' title='bbox 438 2671 462 2716; x_wconf 89' lang='lat' dir='ltr'><strong>s.</strong></span> <span class='ocrx_word' id='word_1_162' title='bbox 479 2651 555 2716; x_wconf 87' lang='lat' dir='ltr'><strong>urbe</strong></span> <span class='ocrx_word' id='word_1_163' title='bbox 570 2657 656 2736; x_wconf 86' lang='lat' dir='ltr'><strong>cepta</strong></span> <span class='ocrx_word' id='word_1_164' title='bbox 673 2651 769 2739; x_wconf 90' lang='lat' dir='ltr'><strong>(Opp.</strong></span> <span class='ocrx_word' id='word_1_165' title='bbox 787 2651 835 2714; x_wconf 91' lang='lat' dir='ltr'><strong>ed.</strong></span> <span class='ocrx_word' id='word_1_166' title='bbox 851 2653 944 2717; x_wconf 89' lang='grc' dir='ltr'><strong><em>Βοιιο.</em></strong></span> <span class='ocrx_word' id='word_1_167' title='bbox 962 2673 990 2737; x_wconf 95' lang='lat' dir='ltr'><strong>p.</strong></span> <span class='ocrx_word' id='word_1_168' title='bbox 1009 2653 1074 2718; x_wconf 76' lang='lat'><strong>787</strong></span> <span class='ocrx_word' id='word_1_169' title='bbox 1090 2653 1172 2739; x_wconf 88' lang='lat' dir='ltr'><strong>sq.):</strong></span> <span class='ocrx_word' id='word_1_170' title='bbox 1200 2651 1256 2728; x_wconf 82' lang='grc' dir='ltr'><strong>Ὡς</strong></span> 
     </span>
     <span class='ocr_line' id='line_1_22' title="bbox 75 2756 1254 2848; baseline 0.001 -22"><span class='ocrx_word' id='word_1_171' title='bbox 75 2762 108 2826; x_wconf 84' lang='grc' dir='ltr'><strong>δέ</strong></span> <span class='ocrx_word' id='word_1_172' title='bbox 137 2769 187 2824; x_wconf 86' lang='grc' dir='ltr'><strong>καί</strong></span> <span class='ocrx_word' id='word_1_173' title='bbox 214 2761 340 2848; x_wconf 81' lang='grc' dir='ltr'>κλήρους</span> <span class='ocrx_word' id='word_1_174' title='bbox 367 2761 479 2826; x_wconf 81' lang='grc' dir='ltr'><strong><em>πόλεων</em></strong></span> <span class='ocrx_word' id='word_1_175' title='bbox 512 2769 560 2824; x_wconf 87' lang='grc' dir='ltr'><strong>καί</strong></span> <span class='ocrx_word' id='word_1_176' title='bbox 591 2772 702 2848; x_wconf 85' lang='grc' dir='ltr'><strong><em>χωρῶν</em></strong></span> <span class='ocrx_word' id='word_1_177' title='bbox 737 2756 866 2846; x_wconf 80' lang='grc' dir='ltr'><strong><em>ἤρξαντο</em></strong></span> <span class='ocrx_word' id='word_1_178' title='bbox 894 2760 1031 2846; x_wconf 81' lang='grc' dir='ltr'><strong><em>βάλλειν,</em></strong></span> <span class='ocrx_word' id='word_1_179' title='bbox 1066 2763 1102 2834; x_wconf 78' lang='grc' dir='ltr'><strong>ἦν</strong></span> <span class='ocrx_word' id='word_1_180' title='bbox 1131 2761 1254 2827; x_wconf 81' lang='grc' dir='ltr'><strong><em>ἰδέσθαι</em></strong></span> 
     </span>
     <span class='ocr_line' id='line_1_23' title="bbox 73 2859 1253 2961; baseline 0.001 -26"><span class='ocrx_word' id='word_1_181' title='bbox 73 2879 125 2935; x_wconf 88' lang='grc' dir='ltr'><strong>καί</strong></span> <span class='ocrx_word' id='word_1_182' title='bbox 153 2871 276 2934; x_wconf 85' lang='grc' dir='ltr'><strong><em>θέσθαι</em></strong></span> <span class='ocrx_word' id='word_1_183' title='bbox 297 2875 341 2934; x_wconf 85' lang='grc' dir='ltr'><strong>ὅτι</strong></span> <span class='ocrx_word' id='word_1_184' title='bbox 376 2871 426 2935; x_wconf 87' lang='grc' dir='ltr'><strong>διά</strong></span> <span class='ocrx_word' id='word_1_185' title='bbox 454 2871 590 2934; x_wconf 78' lang='grc' dir='ltr'><strong>πλείστου</strong></span> <span class='ocrx_word' id='word_1_186' title='bbox 625 2881 677 2934; x_wconf 82' lang='grc' dir='ltr'><strong>τοῦ</strong></span> <span class='ocrx_word' id='word_1_187' title='bbox 711 2872 878 2954; x_wconf 81' lang='grc' dir='ltr'><strong><em>θαύματος</em></strong></span> <span class='ocrx_word' id='word_1_188' title='bbox 914 2871 1034 2958; x_wconf 86' lang='grc' dir='ltr'><strong><em>ἀνδρῶν</em></strong></span> <span class='ocrx_word' id='word_1_189' title='bbox 1068 2859 1253 2961; x_wconf 83' lang='grc' dir='ltr'><strong><em>τυρομανῶν</em></strong></span> 
     </span>
     <span class='ocr_line' id='line_1_24' title="bbox 73 2977 1251 3068; baseline 0.005 -28"><span class='ocrx_word' id='word_1_190' title='bbox 73 2987 117 3064; x_wconf 79' lang='grc' dir='ltr'><strong>μὴ</strong></span> <span class='ocrx_word' id='word_1_191' title='bbox 152 2977 326 3064; x_wconf 82' lang='grc' dir='ltr'><strong><em>ξυμβλητὴν</em></strong></span> <span class='ocrx_word' id='word_1_192' title='bbox 360 2985 520 3057; x_wconf 81' lang='grc' dir='ltr'><strong><em>ἀπόνοιαν,</em></strong></span> <span class='ocrx_word' id='word_1_193' title='bbox 557 2978 607 3043; x_wconf 83' lang='grc' dir='ltr'><strong><em>εἴτ’</em></strong></span> <span class='ocrx_word' id='word_1_194' title='bbox 641 2981 691 3044; x_wconf 77' lang='grc' dir='ltr'><strong>οὖν</strong></span> <span class='ocrx_word' id='word_1_195' title='bbox 726 2986 913 3067; x_wconf 81' lang='grc' dir='ltr'><strong><em>παράνοιαν,</em></strong></span> <span class='ocrx_word' id='word_1_196' title='bbox 947 2986 1034 3045; x_wconf 80' lang='grc' dir='ltr'><strong><em>εἰπεῖν</em></strong></span> <span class='ocrx_word' id='word_1_197' title='bbox 1066 2985 1251 3068; x_wconf 84' lang='grc' dir='ltr'><strong><em>οίκειάτερου.</em></strong></span> 
     </span>
     <span class='ocr_line' id='line_1_25' title="bbox 76 3087 1253 3178; baseline 0.003 -26"><span class='ocrx_word' id='word_1_198' title='bbox 76 3087 134 3162; x_wconf 75' lang='grc' dir='ltr'><strong>Ὠς</strong></span> <span class='ocrx_word' id='word_1_199' title='bbox 162 3095 225 3175; x_wconf 73' lang='grc' dir='ltr'><strong>’γὰρ</strong></span> <span class='ocrx_word' id='word_1_200' title='bbox 250 3089 401 3174; x_wconf 90' lang='grc' dir='ltr'><strong><em>βασιλέων</em></strong></span> <span class='ocrx_word' id='word_1_201' title='bbox 419 3089 479 3162; x_wconf 86' lang='grc' dir='ltr'><strong>ἤδη</strong></span> <span class='ocrx_word' id='word_1_202' title='bbox 502 3090 640 3176; x_wconf 75' lang='grc' dir='ltr'><strong><em>βασιλεῖς</em></strong></span> <span class='ocrx_word' id='word_1_203' title='bbox 662 3091 868 3166; x_wconf 69' lang='grc' dir='ltr'><strong><em>καθεστῶτες,</em></strong></span> <span class='ocrx_word' id='word_1_204' title='bbox 891 3097 941 3153; x_wconf 91' lang='grc' dir='ltr'><strong>καί</strong></span> <span class='ocrx_word' id='word_1_205' title='bbox 956 3095 989 3153; x_wconf 82' lang='grc' dir='ltr'><strong><em>τί</em></strong></span> <span class='ocrx_word' id='word_1_206' title='bbox 1006 3098 1152 3178; x_wconf 73' lang='grc' dir='ltr'><strong><em>περίγειον</em></strong></span> <span class='ocrx_word' id='word_1_207' title='bbox 1169 3094 1253 3155; x_wconf 88' lang='grc' dir='ltr'><strong><em>ἅπαν</em></strong></span> 
     </span>
     <span class='ocr_line' id='line_1_26' title="bbox 72 3197 1253 3289; baseline 0.003 -27"><span class='ocrx_word' id='word_1_208' title='bbox 72 3203 102 3262; x_wconf 87' lang='grc' dir='ltr'><strong>ἐν</strong></span> <span class='ocrx_word' id='word_1_209' title='bbox 127 3205 229 3286; x_wconf 87' lang='grc' dir='ltr'><strong><em>χερσίν</em></strong></span> <span class='ocrx_word' id='word_1_210' title='bbox 261 3203 399 3286; x_wconf 84' lang='grc' dir='ltr'><strong><em>ἔχοντες,</em></strong></span> <span class='ocrx_word' id='word_1_211' title='bbox 431 3209 495 3272; x_wconf 82' lang='grc' dir='ltr'><strong><em>τοῖς</em></strong></span> <span class='ocrx_word' id='word_1_212' title='bbox 523 3206 577 3283; x_wconf 82' lang='grc' dir='ltr'><strong>μέν</strong></span> <span class='ocrx_word' id='word_1_213' title='bbox 610 3197 793 3282; x_wconf 78' lang='grc' dir='ltr'><strong><em>Ῥωμαϊκοῖς</em></strong></span> <span class='ocrx_word' id='word_1_214' title='bbox 823 3205 1030 3284; x_wconf 87' lang='grc' dir='ltr'><strong><em>σχοινίσμασιν</em></strong></span> <span class='ocrx_word' id='word_1_215' title='bbox 1061 3205 1253 3289; x_wconf 71' lang='grc' dir='ltr'><strong><em>ἀπογραφάς</em></strong></span> 
     </span>
     <span class='ocr_line' id='line_1_27' title="bbox 72 3310 1251 3397; baseline -0.001 -25"><span class='ocrx_word' id='word_1_216' title='bbox 72 3313 259 3381; x_wconf 84' lang='grc' dir='ltr'><strong><em>ἐπέστησαν,</em></strong></span> <span class='ocrx_word' id='word_1_217' title='bbox 300 3319 413 3392; x_wconf 69' lang='grc' dir='ltr'><strong><em>γνῶναι</em></strong></span> <span class='ocrx_word' id='word_1_218' title='bbox 450 3313 592 3396; x_wconf 89' lang='grc' dir='ltr'><strong><em>πρότερον</em></strong></span> <span class='ocrx_word' id='word_1_219' title='bbox 623 3313 681 3380; x_wconf 84' lang='grc' dir='ltr'><strong>τὰς</strong></span> <span class='ocrx_word' id='word_1_220' title='bbox 712 3311 861 3380; x_wconf 80' lang='grc' dir='ltr'><strong><em>ἐπετείους</em></strong></span> <span class='ocrx_word' id='word_1_221' title='bbox 899 3311 1061 3397; x_wconf 73' lang='grc' dir='ltr'><strong><em>ἀποφοράς</em></strong></span> <span class='ocrx_word' id='word_1_222' title='bbox 1098 3310 1251 3384; x_wconf 87' lang='grc' dir='ltr'><strong><em>θέλοντες,</em></strong></span> 
     </span>
     <span class='ocr_line' id='line_1_28' title="bbox 72 3415 1250 3504; baseline 0.003 -25"><span class='ocrx_word' id='word_1_223' title='bbox 72 3415 138 3481; x_wconf 80' lang='grc' dir='ltr'><strong><em>είθ’</em></strong></span> <span class='ocrx_word' id='word_1_224' title='bbox 155 3421 235 3480; x_wconf 82' lang='grc' dir='ltr'><strong><em>οὕτω</em></strong></span> <span class='ocrx_word' id='word_1_225' title='bbox 259 3424 337 3480; x_wconf 85' lang='grc' dir='ltr'><strong><em>κατὰ</em></strong></span> <span class='ocrx_word' id='word_1_226' title='bbox 362 3417 477 3491; x_wconf 87' lang='grc' dir='ltr'><strong><em>πάλους</em></strong></span> <span class='ocrx_word' id='word_1_227' title='bbox 501 3422 580 3481; x_wconf 77' lang='grc' dir='ltr'><strong><em>αὐτὰ</em></strong></span> <span class='ocrx_word' id='word_1_228' title='bbox 596 3418 799 3503; x_wconf 90' lang='grc' dir='ltr'><strong><em>μερίσασθαι·</em></strong></span> <span class='ocrx_word' id='word_1_229' title='bbox 816 3423 873 3490; x_wconf 88' lang='grc' dir='ltr'><strong>τάς</strong></span> <span class='ocrx_word' id='word_1_230' title='bbox 890 3417 923 3480; x_wconf 85' lang='grc' dir='ltr'><strong>δέ</strong></span> <span class='ocrx_word' id='word_1_231' title='bbox 938 3419 1012 3504; x_wconf 81' lang='grc' dir='ltr'><strong><em>παρ’</em></strong></span> <span class='ocrx_word' id='word_1_232' title='bbox 1030 3417 1132 3492; x_wconf 86' lang='grc' dir='ltr'><strong><em>ἄλλοις</em></strong></span> <span class='ocrx_word' id='word_1_233' title='bbox 1147 3421 1250 3483; x_wconf 78' lang='grc' dir='ltr'><strong><em>ἔθνεσι</em></strong></span> 
     </span>
     <span class='ocr_line' id='line_1_29' title="bbox 71 3521 1249 3612; baseline 0.002 -24"><span class='ocrx_word' id='word_1_234' title='bbox 71 3533 122 3588; x_wconf 87' lang='grc' dir='ltr'><strong>καί</strong></span> <span class='ocrx_word' id='word_1_235' title='bbox 139 3523 295 3610; x_wconf 85' lang='grc' dir='ltr'><strong><em>βασιλεῦσι</em></strong></span> <span class='ocrx_word' id='word_1_236' title='bbox 311 3531 524 3612; x_wconf 86' lang='grc' dir='ltr'><strong><em>καρπουμένας</em></strong></span> <span class='ocrx_word' id='word_1_237' title='bbox 536 3529 641 3612; x_wconf 84' lang='grc' dir='ltr'><strong><em>ἀρχάς</em></strong></span> <span class='ocrx_word' id='word_1_238' title='bbox 653 3532 703 3587; x_wconf 84' lang='grc' dir='ltr'><strong>καί</strong></span> <span class='ocrx_word' id='word_1_239' title='bbox 715 3521 852 3600; x_wconf 88' lang='grc' dir='ltr'><strong><em>ἐξουσίας</em></strong></span> <span class='ocrx_word' id='word_1_240' title='bbox 868 3529 897 3588; x_wconf 90' lang='grc' dir='ltr'><strong>ἐκ</strong></span> <span class='ocrx_word' id='word_1_241' title='bbox 909 3535 962 3589; x_wconf 85' lang='grc' dir='ltr'><strong>τοῦ</strong></span> <span class='ocrx_word' id='word_1_242' title='bbox 975 3531 1082 3590; x_wconf 77' lang='grc' dir='ltr'><strong><em>αὐτίκα</em></strong></span> <span class='ocrx_word' id='word_1_243' title='bbox 1101 3525 1249 3591; x_wconf 90' lang='grc' dir='ltr'><strong><em>διείλοντο.</em></strong></span> 
     </span>
     <span class='ocr_line' id='line_1_30' title="bbox 71 3634 1249 3722; baseline 0.002 -24"><span class='ocrx_word' id='word_1_244' title='bbox 71 3636 112 3698; x_wconf 90' lang='grc' dir='ltr'><strong>Ἥ</strong></span> <span class='ocrx_word' id='word_1_245' title='bbox 129 3658 162 3697; x_wconf 91' lang='grc' dir='ltr'><strong>τε</strong></span> <span class='ocrx_word' id='word_1_246' title='bbox 179 3636 228 3700; x_wconf 83' lang='grc' dir='ltr'><strong>οὖν</strong></span> <span class='ocrx_word' id='word_1_247' title='bbox 246 3640 275 3698; x_wconf 91' lang='grc' dir='ltr'><strong>ἐν</strong></span> <span class='ocrx_word' id='word_1_248' title='bbox 292 3634 386 3720; x_wconf 81' lang='lat' dir='ltr'><strong>(adde</strong></span> <span class='ocrx_word' id='word_1_249' title='bbox 399 3635 485 3722; x_wconf 87' lang='grc' dir='ltr'><strong><em>ταῖς)</em></strong></span> <span class='ocrx_word' id='word_1_250' title='bbox 503 3635 619 3700; x_wconf 80' lang='grc' dir='ltr'><strong><em>πόλεσιν</em></strong></span> <span class='ocrx_word' id='word_1_251' title='bbox 637 3635 788 3719; x_wconf 74' lang='grc' dir='ltr'><strong><em>εὐδαίμων</em></strong></span> <span class='ocrx_word' id='word_1_252' title='bbox 805 3644 853 3699; x_wconf 85' lang='grc' dir='ltr'><strong>καί</strong></span> <span class='ocrx_word' id='word_1_253' title='bbox 869 3641 944 3722; x_wconf 85' lang='grc' dir='ltr'><strong><em>πρὸς</em></strong></span> <span class='ocrx_word' id='word_1_254' title='bbox 959 3645 1002 3717; x_wconf 89' lang='grc' dir='ltr'><strong>τῷ</strong></span> <span class='ocrx_word' id='word_1_255' title='bbox 1020 3636 1116 3718; x_wconf 88' lang='grc' dir='ltr'><strong><em>Νείλῳ</em></strong></span> <span class='ocrx_word' id='word_1_256' title='bbox 1133 3643 1249 3721; x_wconf 85' lang='grc' dir='ltr'><strong><em>κειμένη</em></strong></span> 
     </span>
     <span class='ocr_line' id='line_1_31' title="bbox 74 3739 1250 3831; baseline 0.002 -25"><span class='ocrx_word' id='word_1_257' title='bbox 74 3739 287 3829; x_wconf 83' lang='grc' dir='ltr'><strong><em>Ἀλεξάνδρεια</em></strong></span> <span class='ocrx_word' id='word_1_258' title='bbox 309 3753 353 3824; x_wconf 87' lang='grc' dir='ltr'><strong>τῷ</strong></span> <span class='ocrx_word' id='word_1_259' title='bbox 377 3769 408 3807; x_wconf 90' lang='grc' dir='ltr'><strong>τε</strong></span> <span class='ocrx_word' id='word_1_260' title='bbox 429 3745 527 3831; x_wconf 74' lang='grc' dir='ltr'><strong><em>κλήρῳ</em></strong></span> <span class='ocrx_word' id='word_1_261' title='bbox 551 3751 699 3818; x_wconf 84' lang='grc' dir='ltr'><strong><em>ὑπέκειτο,</em></strong></span> <span class='ocrx_word' id='word_1_262' title='bbox 724 3753 773 3808; x_wconf 90' lang='grc' dir='ltr'><strong>καί</strong></span> <span class='ocrx_word' id='word_1_263' title='bbox 796 3745 913 3830; x_wconf 80' lang='grc' dir='ltr'><strong><em>Λιβύη,</em></strong></span> <span class='ocrx_word' id='word_1_264' title='bbox 938 3753 988 3809; x_wconf 88' lang='grc' dir='ltr'><strong>καί</strong></span> <span class='ocrx_word' id='word_1_265' title='bbox 1010 3746 1131 3831; x_wconf 81' lang='grc' dir='ltr'><strong><em>Λιβύης</em></strong></span> <span class='ocrx_word' id='word_1_266' title='bbox 1152 3753 1191 3810; x_wconf 86' lang='grc' dir='ltr'><strong>τά</strong></span> <span class='ocrx_word' id='word_1_267' title='bbox 1218 3749 1250 3820; x_wconf 83' lang='grc' dir='ltr'><strong><em>ίς</em></strong></span> 
     </span>
     <span class='ocr_line' id='line_1_32' title="bbox 71 3849 1250 3941; baseline 0.003 -28"><span class='ocrx_word' id='word_1_268' title='bbox 71 3850 228 3935; x_wconf 79' lang='grc' dir='ltr'><strong><em>Νομάδας</em></strong></span> <span class='ocrx_word' id='word_1_269' title='bbox 248 3859 297 3915; x_wconf 83' lang='grc' dir='ltr'><strong>καί</strong></span> <span class='ocrx_word' id='word_1_270' title='bbox 320 3852 454 3940; x_wconf 85' lang='grc' dir='ltr'><strong><em>Γάδειρα</em></strong></span> <span class='ocrx_word' id='word_1_271' title='bbox 478 3861 709 3941; x_wconf 84' lang='grc' dir='ltr'><strong><em>παρατείνοντα,</em></strong></span> <span class='ocrx_word' id='word_1_272' title='bbox 732 3855 857 3939; x_wconf 83' lang='grc' dir='ltr'><strong><em>Πάρθοι</em></strong></span> <span class='ocrx_word' id='word_1_273' title='bbox 877 3877 909 3916; x_wconf 88' lang='grc' dir='ltr'><strong>τε</strong></span> <span class='ocrx_word' id='word_1_274' title='bbox 931 3861 980 3917; x_wconf 90' lang='grc' dir='ltr'><strong>καί</strong></span> <span class='ocrx_word' id='word_1_275' title='bbox 1003 3855 1129 3940; x_wconf 83' lang='grc' dir='ltr'><strong><em>Πέρσαι,</em></strong></span> <span class='ocrx_word' id='word_1_276' title='bbox 1153 3849 1200 3917; x_wconf 86' lang='grc' dir='ltr'><strong><em>ἐπί</em></strong></span> <span class='ocrx_word' id='word_1_277' title='bbox 1217 3853 1250 3918; x_wconf 88' lang='grc' dir='ltr'><strong><em>δέ</em></strong></span> 
     </span>
     <span class='ocr_line' id='line_1_33' title="bbox 71 3959 1247 4049; baseline 0.004 -28"><span class='ocrx_word' id='word_1_278' title='bbox 71 3959 198 4045; x_wconf 84' lang='grc' dir='ltr'><strong><em>Ἴβηρες</em></strong></span> <span class='ocrx_word' id='word_1_279' title='bbox 210 3963 289 4040; x_wconf 84' lang='grc' dir='ltr'><strong><em>ἑῷοι,</em></strong></span> <span class='ocrx_word' id='word_1_280' title='bbox 303 3969 353 4024; x_wconf 86' lang='grc' dir='ltr'><strong>καί</strong></span> <span class='ocrx_word' id='word_1_281' title='bbox 365 3962 510 4048; x_wconf 80' lang='grc' dir='ltr'><strong><em>’.λσσυρία</em></strong></span> <span class='ocrx_word' id='word_1_282' title='bbox 522 3975 562 4048; x_wconf 77' lang='grc' dir='ltr'><strong>γῆ</strong></span> <span class='ocrx_word' id='word_1_283' title='bbox 576 3970 624 4026; x_wconf 87' lang='grc' dir='ltr'><strong>καί</strong></span> <span class='ocrx_word' id='word_1_284' title='bbox 639 3963 788 4049; x_wconf 83' lang='grc' dir='ltr'><strong><em>Ὑρκανοί,</em></strong></span> <span class='ocrx_word' id='word_1_285' title='bbox 800 3968 850 4025; x_wconf 82' lang='grc' dir='ltr'><strong>καί</strong></span> <span class='ocrx_word' id='word_1_286' title='bbox 861 3965 918 4026; x_wconf 80' lang='grc' dir='ltr'><strong>ὅσα</strong></span> <span class='ocrx_word' id='word_1_287' title='bbox 932 3966 961 4024; x_wconf 91' lang='grc' dir='ltr'><strong>οἱ</strong></span> <span class='ocrx_word' id='word_1_288' title='bbox 970 3967 1046 4048; x_wconf 83' lang='grc' dir='ltr'><strong><em>πρὸς</em></strong></span> <span class='ocrx_word' id='word_1_289' title='bbox 1058 3965 1097 4024; x_wconf 89' lang='grc' dir='ltr'><strong>έω</strong></span> <span class='ocrx_word' id='word_1_290' title='bbox 1113 3968 1247 4048; x_wconf 70' lang='grc' dir='ltr'><strong><em>μέγιστοι</em></strong></span> 
     </span>
     <span class='ocr_line' id='line_1_34' title="bbox 69 4069 1247 4160; baseline 0.006 -30"><span class='ocrx_word' id='word_1_291' title='bbox 69 4076 202 4152; x_wconf 90' lang='grc' dir='ltr'><strong><em>ποταμοί</em></strong></span> <span class='ocrx_word' id='word_1_292' title='bbox 218 4079 280 4141; x_wconf 80' lang='grc' dir='ltr'><strong><em>τοῖς</em></strong></span> <span class='ocrx_word' id='word_1_293' title='bbox 296 4069 385 4133; x_wconf 83' lang='grc' dir='ltr'><strong><em>ὕδασι</em></strong></span> <span class='ocrx_word' id='word_1_294' title='bbox 403 4071 596 4160; x_wconf 80' lang='grc' dir='ltr'><strong><em>διειλήρασιυ.</em></strong></span> <span class='ocrx_word' id='word_1_295' title='bbox 625 4070 709 4136; x_wconf 86' lang='grc' dir='ltr'><strong><em>Ἀλλ’</em></strong></span> <span class='ocrx_word' id='word_1_296' title='bbox 726 4071 795 4134; x_wconf 78' lang='grc' dir='ltr'><strong><em>οὐδὲ</em></strong></span> <span class='ocrx_word' id='word_1_297' title='bbox 811 4076 850 4134; x_wconf 86' lang='grc' dir='ltr'><strong>τὰ</strong></span> <span class='ocrx_word' id='word_1_298' title='bbox 866 4077 942 4156; x_wconf 83' lang='grc' dir='ltr'><strong><em>πρὸς</em></strong></span> <span class='ocrx_word' id='word_1_299' title='bbox 958 4071 1075 4159; x_wconf 79' lang='grc' dir='ltr'><strong><em>βορρᾶν</em></strong></span> <span class='ocrx_word' id='word_1_300' title='bbox 1092 4077 1247 4137; x_wconf 82' lang='grc' dir='ltr'><strong><em>νενευκότα</em></strong></span> 
     </span>
     <span class='ocr_line' id='line_1_35' title="bbox 71 4177 1248 4267; baseline 0.003 -25"><span class='ocrx_word' id='word_1_301' title='bbox 71 4177 204 4260; x_wconf 86' lang='grc' dir='ltr'><strong><em>κλίματα</em></strong></span> <span class='ocrx_word' id='word_1_302' title='bbox 229 4179 322 4252; x_wconf 83' lang='grc' dir='ltr'><strong><em>είάθη</em></strong></span> <span class='ocrx_word' id='word_1_303' title='bbox 347 4181 520 4267; x_wconf 79' lang='grc' dir='ltr'><strong><em>άκλὴριοτα·</em></strong></span> <span class='ocrx_word' id='word_1_304' title='bbox 544 4179 621 4246; x_wconf 86' lang='grc' dir='ltr'><strong><em>ἀλλὰ</em></strong></span> <span class='ocrx_word' id='word_1_305' title='bbox 643 4185 763 4246; x_wconf 84' lang='grc' dir='ltr'><strong><em>κάκεῖνα</em></strong></span> <span class='ocrx_word' id='word_1_306' title='bbox 789 4185 817 4244; x_wconf 87' lang='grc' dir='ltr'><strong>οἱ</strong></span> <span class='ocrx_word' id='word_1_307' title='bbox 837 4185 922 4244; x_wconf 79' lang='grc' dir='ltr'><strong><em>αὐτοὶ</em></strong></span> <span class='ocrx_word' id='word_1_308' title='bbox 939 4179 1131 4265; x_wconf 87' lang='grc' dir='ltr'><strong><em>διενείμαντο.</em></strong></span> <span class='ocrx_word' id='word_1_309' title='bbox 1157 4185 1248 4246; x_wconf 84' lang='grc' dir='ltr'><strong>Καίό</strong></span> 
     </span>
     <span class='ocr_line' id='line_1_36' title="bbox 68 4289 1247 4377; baseline 0.004 -29"><span class='ocrx_word' id='word_1_310' title='bbox 68 4294 125 4370; x_wconf 85' lang='grc' dir='ltr'><strong>μέν</strong></span> <span class='ocrx_word' id='word_1_311' title='bbox 150 4289 195 4359; x_wconf 84' lang='grc' dir='ltr'><strong>ὡς</strong></span> <span class='ocrx_word' id='word_1_312' title='bbox 217 4291 418 4377; x_wconf 79' lang='grc' dir='ltr'><strong><em>ίπποτριίρους</em></strong></span> <span class='ocrx_word' id='word_1_313' title='bbox 440 4299 489 4354; x_wconf 88' lang='grc' dir='ltr'><strong>καί</strong></span> <span class='ocrx_word' id='word_1_314' title='bbox 511 4295 615 4377; x_wconf 77' lang='grc' dir='ltr'><strong><em>μύροις</em></strong></span> <span class='ocrx_word' id='word_1_315' title='bbox 630 4290 832 4377; x_wconf 83' lang='grc' dir='ltr'><strong><em>περιβριθεῖς,</em></strong></span> <span class='ocrx_word' id='word_1_316' title='bbox 858 4294 897 4364; x_wconf 85' lang='grc' dir='ltr'><strong>ἃς</strong></span> <span class='ocrx_word' id='word_1_317' title='bbox 914 4291 1116 4376; x_wconf 85' lang='grc' dir='ltr'><strong><em>ἐκληρώσατο,</em></strong></span> <span class='ocrx_word' id='word_1_318' title='bbox 1145 4291 1247 4365; x_wconf 83' lang='grc' dir='ltr'><strong><em>πόλεις</em></strong></span> 
     </span>
     <span class='ocr_line' id='line_1_37' title="bbox 69 4395 1246 4488; baseline 0.007 -31"><span class='ocrx_word' id='word_1_319' title='bbox 69 4395 107 4458; x_wconf 79' lang='grc' dir='ltr'><strong>δι’</strong></span> <span class='ocrx_word' id='word_1_320' title='bbox 125 4399 248 4458; x_wconf 90' lang='grc' dir='ltr'><strong><em>ἐπαίνου</em></strong></span> <span class='ocrx_word' id='word_1_321' title='bbox 265 4400 393 4472; x_wconf 78' lang='grc' dir='ltr'><strong><em>ἐτίθετο,</em></strong></span> <span class='ocrx_word' id='word_1_322' title='bbox 410 4408 459 4464; x_wconf 87' lang='grc' dir='ltr'><strong>καί</strong></span> <span class='ocrx_word' id='word_1_323' title='bbox 475 4412 527 4464; x_wconf 83' lang='grc' dir='ltr'><strong>τοῦ</strong></span> <span class='ocrx_word' id='word_1_324' title='bbox 543 4401 649 4487; x_wconf 76' lang='grc' dir='ltr'><strong><em>κλήρου</em></strong></span> <span class='ocrx_word' id='word_1_325' title='bbox 667 4405 773 4465; x_wconf 82' lang='grc' dir='ltr'><strong><em>ἑαυτὸν</em></strong></span> <span class='ocrx_word' id='word_1_326' title='bbox 791 4403 980 4488; x_wconf 85' lang='grc' dir='ltr'><strong><em>ἐμακάριζεν·</em></strong></span> <span class='ocrx_word' id='word_1_327' title='bbox 1005 4406 1020 4466; x_wconf 84' lang='grc' dir='ltr'>ὁ</span> <span class='ocrx_word' id='word_1_328' title='bbox 1038 4401 1070 4466; x_wconf 88' lang='grc' dir='ltr'><strong><em>δέ</em></strong></span> <span class='ocrx_word' id='word_1_329' title='bbox 1087 4405 1130 4476; x_wconf 86' lang='grc' dir='ltr'><strong>ὡς</strong></span> <span class='ocrx_word' id='word_1_330' title='bbox 1145 4407 1246 4486; x_wconf 81' lang='grc' dir='ltr'><strong><em>κομώ-</em></strong></span> 
     </span>
     <span class='ocr_line' id='line_1_38' title="bbox 69 4505 1246 4600; baseline 0.006 -32"><span class='ocrx_word' id='word_1_331' title='bbox 69 4527 129 4578; x_wconf 88' lang='grc' dir='ltr'><strong>σας</strong></span> <span class='ocrx_word' id='word_1_332' title='bbox 152 4505 254 4578; x_wconf 86' lang='grc' dir='ltr'><strong><em>άλλοις</em></strong></span> <span class='ocrx_word' id='word_1_333' title='bbox 277 4509 417 4592; x_wconf 73' lang='grc' dir='ltr'><strong><em>ἀγαθοῖς</em></strong></span> <span class='ocrx_word' id='word_1_334' title='bbox 435 4511 611 4594; x_wconf 85' lang='grc' dir='ltr'><strong><em>θαυμάζων</em></strong></span> <span class='ocrx_word' id='word_1_335' title='bbox 638 4515 688 4574; x_wconf 78' lang='grc' dir='ltr'><strong>οὐκ</strong></span> <span class='ocrx_word' id='word_1_336' title='bbox 711 4511 825 4597; x_wconf 75' lang='grc' dir='ltr'><strong><em>ἔληγεν.</em></strong></span> <span class='ocrx_word' id='word_1_337' title='bbox 858 4514 897 4575; x_wconf 82' lang='lat' dir='ltr'><strong>Ol</strong></span> <span class='ocrx_word' id='word_1_338' title='bbox 916 4512 949 4576; x_wconf 87' lang='grc' dir='ltr'><strong><em>δέ</em></strong></span> <span class='ocrx_word' id='word_1_339' title='bbox 975 4521 1024 4576; x_wconf 89' lang='grc' dir='ltr'><strong>καί</strong></span> <span class='ocrx_word' id='word_1_340' title='bbox 1052 4520 1118 4599; x_wconf 91' lang='grc' dir='ltr'><strong><em>περί</em></strong></span> <span class='ocrx_word' id='word_1_341' title='bbox 1138 4513 1246 4600; x_wconf 73' lang='grc' dir='ltr'><strong><em>κλήρου</em></strong></span> 
     </span>
     <span class='ocr_line' id='line_1_39' title="bbox 66 4614 1246 4708; baseline 0.004 -30"><span class='ocrx_word' id='word_1_342' title='bbox 66 4614 182 4678; x_wconf 85' lang='grc' dir='ltr'><strong><em>πόλεων</em></strong></span> <span class='ocrx_word' id='word_1_343' title='bbox 206 4618 325 4699; x_wconf 81' lang='grc' dir='ltr'><strong><em>ἤρισαν,</em></strong></span> <span class='ocrx_word' id='word_1_344' title='bbox 349 4625 399 4680; x_wconf 89' lang='grc' dir='ltr'><strong>καί</strong></span> <span class='ocrx_word' id='word_1_345' title='bbox 423 4618 588 4682; x_wconf 81' lang='grc' dir='ltr'><strong><em>ἀντέδοσαν</em></strong></span> <span class='ocrx_word' id='word_1_346' title='bbox 613 4619 714 4692; x_wconf 87' lang='grc' dir='ltr'><strong><em>ἄλλοις</em></strong></span> <span class='ocrx_word' id='word_1_347' title='bbox 738 4622 847 4708; x_wconf 87' lang='grc' dir='ltr'><strong><em>έτεροι,</em></strong></span> <span class='ocrx_word' id='word_1_348' title='bbox 876 4627 925 4684; x_wconf 88' lang='grc' dir='ltr'><strong>καί</strong></span> <span class='ocrx_word' id='word_1_349' title='bbox 950 4620 1117 4706; x_wconf 87' lang='grc' dir='ltr'><strong><em>άντέλαβον</em></strong></span> <span class='ocrx_word' id='word_1_350' title='bbox 1146 4621 1246 4694; x_wconf 81' lang='grc' dir='ltr'><strong><em>πόλεις</em></strong></span> 
     </span>
    </p>
   </div>
   <div class='ocr_carea' id='block_1_5' title="bbox 0 0 1560 5080">
    <p class='ocr_par' dir='ltr' id='par_1_7' title="bbox 0 0 1560 5080">
     <span class='ocr_line' id='line_1_40' title="bbox 0 0 1560 5080; baseline 0 5"><span class='ocrx_word' id='word_1_351' title='bbox 0 0 1560 5080; x_wconf 95' lang='lat' dir='ltr'><strong> </strong></span> 
     </span>
    </p>
   </div>
  </div>
 </body>
</html>
