3120 5078
289 352 415 407 llooorrrs
429 369 544 408 courrrs
558 354 586 408 S.
600 355 686 408 Pauor
700 369 839 408 rrrsnona
853 369 889 406 un
904 351 949 407 Cr.
964 368 1065 406 earnm
1195 341 1272 412 305

77 515 211 600 etalii,
242 543 381 612 quornm
406 525 536 594 nomina
563 525 605 594 od
637 547 776 616 presens
804 523 987 594 reticentur
997 513 1040 613 ¹).
1077 522 1140 608 Qui
1149 515 1181 612 ²)
1209 521 1273 592 toti

66 643 238 714 'exercitui
259 647 474 720 ostendentes
499 650 691 734 manifeste,
718 650 807 742 quod
826 649 876 720 ria
897 647 1182 718 lherosolimitana
1202 653 1276 716 erat

79 767 234 840 omnibus
261 773 382 844 inutilis
401 781 435 845 et
454 775 623 859 damnosa,
644 799 717 846 cum
737 775 798 866 ipsi
818 781 932 846 essent
957 776 1073 866 inopes
1095 779 1128 846 et
1146 774 1275 844 victus-

76 891 161 964 libus
188 896 364 982 immuniti,
390 922 452 970 nec
472 907 565 970 esset
588 901 703 995 aliquis
722 901 808 972 inter
827 924 904 984 eos,
934 902 987 994 qui
1014 900 1130 970 milites
1151 899 1193 970 ad
1213 900 1274 970 sti-

77 1019 201 1110 pendia
215 1029 250 1092 et
265 1023 431 1115 serjantos
441 1025 483 1096 ad
497 1025 637 1096 solidum
650 1027 825 1111 detineret,
840 1027 890 1097 vel
906 1027 960 1120 qui
974 1027 1136 1119 petrarias
1150 1025 1277 1096 laceret

78 1147 245 1237 protrahi,
265 1171 328 1220 nec
347 1150 407 1220 alia
427 1144 684 1243 instrumenta³)
704 1152 855 1246 produci.

169 1274 319 1344 Tandem
338 1297 420 1344 uero
440 1276 493 1346 uix
511 1277 606 1348 nobis
626 1277 850 1371 acquiverunt,
871 1277 928 1346 tali
943 1281 1053 1347 temen
1072 1275 1275 1358 conditione,

77 1397 170 1489 qnod
199 1399 287 1493 apud
315 1401 624 1496 Constantinopolin
654 1425 779 1474 moram
804 1401 989 1472 nullatenus
1016 1402 1166 1474 lacerent
1192 1401 1276 1473 ultra

77 1545 240 1608 mensem,
260 1527 322 1597 nisi
341 1520 552 1619 voluntate⁴)
570 1530 703 1621 propris
723 1533 942 1599 morarentur.

171 1651 380 1746 Responsum
400 1659 452 1724 est
471 1653 531 1734 eis,
556 1653 643 1746 quod
662 1653 771 1724 brevis
790 1654 915 1724 mansio
934 1651 1100 1748 publicata
1118 1674 1184 1724 non
1205 1659 1279 1722 erat

2 1757 3 1798 ³
77 1775 179 1848 nobis
198 1779 405 1864 necessaria,
434 1779 509 1872 quin
529 1778 627 1850 Greci
648 1803 709 1850 nos
728 1780 833 1852 minus
858 1778 1094 1862 formidarent,
1122 1778 1150 1848 si
1169 1777 1279 1849 brevis

76 1925 175 1974 more
195 1905 343 1997 spacium
361 1905 558 1998 prescirent.

173 2028 330 2101 Attamen
350 2031 608 2124 impetraverunt
627 2051 646 2100 a
665 2028 779 2113 nobis,
807 2035 844 2102 ut
863 2029 905 2100 de
924 2051 1015 2100 mors
1036 2028 1138 2102 solius
1157 2029 1280 2099 mensis

78 2155 127 2224 eis
143 2157 308 2226 securitas
327 2161 535 2248 prestaretur
553 2155 586 2226 in
599 2155 723 2248 palam;
743 2161 777 2226 et
796 2156 840 2226 ita
860 2157 982 2226 lactum
998 2161 1060 2227 est.
1082 2155 1156 2241 Quo
1175 2157 1279 2238 facto,

2 2271 3 2350 ζ
73 2281 210 2372 juvenis
224 2284 408 2374 lmperator
421 2281 517 2352 nobis
535 2282 699 2373 promisit,
719 2281 808 2373 quod
827 2283 890 2352 toti
905 2281 1061 2353 exercitui
1080 2287 1198 2352 nostro
1219 2303 1280 2373 per

2 2401 3 2440 ³
79 2401 203 2478 an'num
229 2407 379 2478 victualia
403 2407 580 2500 largiretur
602 2406 788 2499 integrum,
815 2412 850 2477 et
869 2407 958 2500 quod
982 2405 1123 2490 10,000
1143 2405 1278 2476 militum

79 2532 124 2604 ad
144 2555 266 2604 annum
284 2532 334 2604 ad
346 2539 460 2604 sancte
479 2539 571 2604 terre
589 2553 781 2602 succursum
801 2533 841 2604 sd
860 2538 1009 2624 sumptus
1029 2555 1108 2604 suos
1128 2531 1277 2602 haberet.

78 2659 238 2728 Promisit
263 2659 366 2741 enim,
397 2657 550 2752 quamdiu
575 2659 715 2741 viveret,
743 2657 784 2727 ad
808 2659 969 2752 stipendia
995 2681 1053 2728 sua
1075 2681 1112 2728 se
1132 2659 1165 2726 in
1191 2664 1282 2728 terra

78 2789 199 2854 sancta
212 2783 290 2854 500
306 2783 423 2855 milites
437 2783 636 2868 habiturum,
657 2788 691 2854 et
705 2783 792 2876 quod
805 2783 889 2854 Duci
904 2782 1031 2854 Veneto
1048 2783 1125 2854 200
1147 2775 1284 2874 millia⁵)

80 2933 268 2980 marcarum
288 2909 418 3003 argenti
438 2915 473 2980 et
490 2909 630 2980 totidem
649 2909 807 2978 exercitui
826 2913 944 2978 nostro
965 2913 1136 3001 erogaret.

174 3035 303 3124 Quibus
331 3034 525 3126 compositis
552 3040 586 3104 et
614 3033 775 3104 communi
802 3033 932 3104 utilitati
960 3035 1149 3116 concessis,
1186 3055 1286 3104 noves

80 3168 218 3234 nostras
232 3161 497 3244 conscendimus,
519 3159 636 3230 dehinc
651 3160 692 3230 ud
711 3165 841 3252 portam
861 3160 973 3229 Bucce
993 3159 1074 3232 Ario
1093 3165 1211 3230 octavo
1233 3160 1286 3230 die

84 3288 302 3382 applicantes.
345 3288 395 3358 Ab
430 3310 471 3356 eo
502 3286 578 3356 loco
612 3285 687 3356 100
718 3287 813 3356 leuce
843 3279 1189 3379 Constantinopolin⁶)
1220 3309 1282 3378 per

82 3417 236 3486 strictum
267 3435 358 3482 mare
384 3418 418 3484 et
443 3411 605 3483 uelociter
633 3435 773 3484 currens
801 3413 971 3482 transitur.
1007 3411 1087 3482 lndc
1116 3434 1178 3503 per
1206 3411 1285 3482 illud

82 3541 205 3612 fretum
237 3541 430 3636 navigantes
463 3539 670 3610 transivimus
702 3537 878 3610 Brachium
915 3539 1020 3610 sancti
1055 3537 1211 3631 Georgii,
1250 3543 1285 3607 et

110 3801 136 3874 ¹)
155 3801 292 3857 llatthens
305 3800 339 3854 ds
352 3799 571 3861 lloutmorenohi,
590 3796 758 3852 Godolredus
770 3797 804 3851 de
816 3797 883 3852 vtro
897 3797 1031 3860 llardnini,
1051 3797 1124 3853 Coro
1141 3799 1175 3853 ds
1190 3799 1290 3852 Betho-

158 3894 215 3954 nis,
238 3891 300 3943 llilo
321 3890 355 3944 da
374 3889 502 3952 Brabant,
524 3889 639 3942 loannes
657 3888 811 3950 Fussninm,
833 3887 949 3942 loannes
969 3888 1002 3941 ds
1020 3889 1126 3949 Frieso,
1145 3889 1239 3942 Petrus
1254 3889 1287 3942 de

157 3981 278 4040 Brricos,
292 3979 430 4033 Anselmus
442 3979 476 4032 ds
489 3978 576 4042 Calon,
595 3977 723 4030 Roinerus
737 3977 770 4029 de
783 3975 848 4035 Trit.
868 3978 1016 4032 lloclrarius
1029 3979 1062 4032 da
1075 3979 1175 4033 Sancta
1187 3979 1290 4032 lisine-

159 4073 250 4131 hsltlr,
266 4069 328 4124 llllo
346 4068 379 4121 ds
398 4067 506 4132 lusulis,
528 4068 677 4140 Episcopus
696 4067 728 4119 de
746 4067 929 4127 llollrerstsdt,
954 4067 1102 4140 Episcopus
1121 4067 1155 4121 ds
1173 4069 1285 4141 Troyes

159 4161 279 4216 loannes
291 4159 397 4214 Facete.
416 4159 454 4210 De
467 4158 508 4212 his
520 4175 544 4212 r.
558 4157 704 4219 llsrtenne,
717 4155 835 4210 Aoecdd.
848 4158 868 4219 l,
881 4175 909 4228 p.
921 4157 984 4212 784.

113 4247 479 4324 ²)omncssdd.llrel1cr.
742 4243 771 4318 ⁶)
790 4251 1144 4317 usqncnumorontur3
1160 4266 1175 4302 a
1190 4252 1290 4320 portu

112 4342 139 4416 ³)
161 4341 291 4396 bellica
310 4337 426 4393 addl'r.
792 4353 870 4389 vero
899 4336 966 4389 isto
990 4354 1098 4408 usque
1125 4337 1291 4391 Constan-

112 4428 360 4504 *pausarum
790 4425 964 4496 tinopolin
1002 4425 1063 4480 add.
1090 4428 1124 4481 Fr
1169 4433 1198 4482 et
1230 4430 1293 4482 coll.

114 4521 142 4594 ⁵)
162 4521 184 4576 G
201 4519 310 4574 millia
329 4517 372 4571 Fn
789 4515 884 4570 Frsnc.

121 4612 214 4659 ronna
225 4611 275 4656 111.
1033 4605 1071 4660 2⁰
