3130 5082
302 334 375 406 160
476 353 594 408 mannen
607 354 666 409 lur.
679 371 787 411 nonnus
799 357 939 412 Vannuuaa
952 375 1067 423 unsrun,
1080 377 1137 415 uox
1150 375 1289 416 annover.

299 511 388 576 Οὕτω
419 521 517 598 μέντοι
550 519 783 608 ὀλιγανδροῦσαν
809 527 859 586 τὸν
911 524 1103 592 subsidentes
1150 527 1305 612 piraticam
1350 547 1477 593 exerce·

295 621 426 686 κίνδυνον
443 629 565 713 ἔφυγον,
589 633 633 704 ὡς
657 635 758 696 αὐτῶν
776 631 860 696 οὐδε·
911 635 997 710 bant,
1035 635 1131 702 donec
1164 637 1326 704 secundam
1357 636 1478 724 plagam

298 732 370 814 μίαν
379 743 439 796 τῶν
452 730 486 810 ἐξ
499 737 687 823 Ἐπιδάμνου
700 744 743 814 εἰς
752 753 860 828 χεῖρας
912 749 1104 830 acceperunt.

297 841 455 907 ἐλθουσῶν
492 847 609 924 ἁλῶναι
639 856 718 914 κατά
751 855 861 938 κράτος

296 953 345 1016 ὑπ’
374 956 495 1028 αὐταῖς.
533 959 702 1032 Οδευνέτοτς
728 967 782 1044 μὲν
810 963 860 1025 οὖν

299 1071 430 1126 τοιοῦτον
446 1068 480 1127 τὸ
496 1077 551 1140 τῆς
568 1067 751 1144 ἀλαζονείας
767 1073 859 1158 εὕρα-

298 1192 332 1233 το
348 1171 493 1258 κέρδος..
521 1176 560 1238 Οἱ
574 1174 606 1238 δὲ
623 1177 719 1260 στολῳ
735 1185 789 1261 μὲν
806 1201 861 1263 με·

298 1280 384 1366 χάλῳ
404 1280 568 1368 Ῥωμαίοις
589 1285 724 1370 πολεμεῖν
747 1292 798 1351 οὐκ
819 1292 862 1350 ἔτι

298 1389 452 1459 ἐδύναντο·
480 1394 700 1482 ναυλοχοῦντες
724 1395 756 1460 δέ
780 1399 860 1460 ἐπετ-

297 1507 423 1588 ράτευον
441 1499 474 1578 ἐξ
487 1506 606 1580 ἐκείνου,
623 1507 682 1578 ἕως
697 1513 747 1568 καὶ
763 1505 874 1569 δευτέ-’

297 1633 354 1697 ραν
371 1615 538 1698 ἠνέγκαντο
553 1615 681 1700 πληγήν.

388 1721 430 1785 Ea
443 1722 531 1806 plaga
547 1723 844 1788 secundaVenctis
854 1723 964 1790 indicta
972 1743 1106 1810 quanam
1117 1745 1223 1790 revera
1235 1727 1326 1792 luerit
1341 1726 1480 1812 quandu-

295 1853 354 1918 que
370 1833 514 1906 evenerit,
531 1832 562 1896 id
578 1831 710 1898 loannes
728 1831 924 1898 Cinnamus
940 1837 970 1899 in
986 1834 1179 1919 sequentibus
1195 1855 1252 1900 non
1269 1841 1385 1921 aperil;
1410 1857 1478 1902 eum

296 1944 353 2006 boc
374 1945 405 2007 in
431 1943 489 2009 fine
511 1942 579 2007 libri
601 1943 647 2008 sni
669 1941 819 2028 deperditi
841 1943 969 2017 iecisse.
993 1964 1065 2008 nero
1081 1945 1161 2010 haud
1178 1945 1312 2010 absimile
1327 1953 1478 2031 putamus.

293 2052 362 2118 Fuit
389 2059 485 2118 aulem
518 2051 621 2138 procul
648 2053 738 2118 dubio
767 2052 868 2118 clades
897 2053 963 2131 illa,
994 2074 1079 2140 quam
1107 2054 1137 2117 in
1164 2055 1320 2120 obsidione
1345 2055 1479 2122 Anconae

294 2161 339 2248 (a.
361 2163 389 2227 d.
414 2160 518 2248 1174)
540 2163 668 2228 classem
690 2183 792 2228 eorum
810 2183 929 2248 passam
950 2183 1019 2228 esse
1042 2167 1170 2235 constat,
1201 2164 1269 2228 coll.
1289 2163 1422 2230 Niceta
1448 2167 1480 2230 in

295 2271 432 2338 blanuele
441 2273 499 2344 7,1
521 2271 617 2360 (Opp.
636 2271 683 2336 ed.
701 2272 793 2336 Bono.
807 2293 836 2356 p.
850 2273 915 2336 259
932 2267 1037 2356 sqq.);
1055 2272 1131 2356 quod
1148 2273 1236 2336 etiam
1251 2271 1478 2338 Eustatbius

296 2383 419 2468 respicit
441 2383 470 2446 in
488 2383 623 2446 oratione
640 2381 677 2446 ad
693 2380 858 2445 blancelem
875 2379 1088 2464 imperatorem
1103 2378 1203 2444 habita
1220 2401 1246 2443 a.
1264 2380 1293 2444 d.
1311 2381 1407 2456 1174,
1427 2382 1480 2448 nbi

294 2493 359 2558 baec
375 2491 466 2556 rerba
483 2497 642 2557 occurrunt
659 2491 721 2579 (De
737 2489 952 2554 Thessalonica
969 2489 1092 2575 ejusque
1108 2509 1181 2572 agro
1197 2509 1266 2574 pag.
1284 2489 1385 2578 412):

388 2603 582 2687 Ἐκθὴσομαι
608 2602 641 2666 δὲ
667 2607 741 2688 πρὸς
769 2600 913 2665 πλατείαν
938 2601 1091 2688 ἀφήγησιν
1119 2606 1168 2662 καὶ
1196 2604 1254 2662 ὅσα
1281 2605 1299 2674 ἡ
1327 2600 1478 2688 Ἀδριανὴ

295 2707 461 2798 πομφόλυξ,
485 2711 687 2798 ὁχέρσυδρος
703 2712 781 2799 ὄφις,
808 2715 823 2774 d
847 2707 1046 2795 τελματώδης
1070 2708 1245 2795 βάτραχος,
1266 2709 1401 2793 μάλιστα
1423 2718 1479 2793 μὲν

297 2825 346 2885 οὖν
369 2821 500 2908 (ἵναμὴ
523 2825 553 2884 la
576 2833 636 2885 τῶν
663 2821 906 2908 δυστυχημάτων
929 2823 1150 2905 πμοσονομάσω
1168 2825 1239 2892 τοὺς
1255 2817 1391 2906 ἄνδρας)
1417 2823 1478 2883 ὅσα

296 2939 330 2996 τδ
347 2939 515 3020 πειρατικὸν
536 2935 629 3005 ἔθνος
644 2939 677 2996 τὸ
690 2929 724 3007 ἐξ
736 2931 908 3019 Ἀδρτάδος,
926 2935 959 2994 τδ
972 2929 1110 3006 ὕπουλον,
1123 2934 1157 2992 τὸ
1169 2928 1365 3014 κακάβουλου,
1382 2927 1478 3014 ἐβου-

296 3044 423 3108 λεύσατο
448 3049 512 3128 μέν,
535 3049 628 3126 ἔμεινε
645 3040 678 3105 δὲ
694 3044 736 3113 εἰς
754 3045 986 3128 ἄπρακτον·καί
1003 3044 1197 3123 ἐνεκυμόυησε
1212 3044 1277 3123 μέν,
1294 3043 1346 3102 οὐκ
1363 3042 1480 3104 ἐτελεσ-

296 3157 409 3242 φόμηστ
426 3153 468 3225 δέ,
488 3153 552 3216 ἀλλ’
570 3155 613 3225 εἰς
629 3157 708 3214 κενὸν
726 3151 824 3214 ὤδινε·
841 3157 891 3216 καὶ
908 3153 1128 3236 ἐμηχανήσατο
1144 3155 1209 3232 μέν,
1227 3153 1260 3212 οὐ
1276 3154 1366 3233 μόνον
1383 3149 1417 3212 δὲ
1434 3153 1479 3222 εἰς

295 3263 380 3334 τέλος
407 3257 581 3346 ἐξεβίβασε,
611 3261 689 3325 ἀλλὰ
716 3269 766 3324 καλ
793 3265 1112 3348 ἐπικαταυτμαφείσας
1137 3262 1221 3338 αὐτῷ
1245 3263 1304 3330 τὰς
1324 3263 1479 3344 μηχανὰς

295 3373 463 3443 ἐθεάσατο,
490 3375 545 3444 τάς
569 3395 601 3434 το
619 3371 766 3457 ἀλλαχοῦ,
790 3374 839 3433 καὶ
860 3373 936 3442 ὅσας
953 3372 968 3432 ὁ
987 3369 1104 3454 'Apadna
1119 3371 1225 3440 αὐτοῖς
1242 3369 1475 3454 άντανέστρεψε.

270 3477 272 3480 ’
294 3482 314 3548 Ι.
329 3501 355 3544 e.
377 3480 519 3545 (Ιδττίοτί
533 3501 607 3544 uero
623 3481 810 3546 comotione
824 3499 995 3566 exponam,
1019 3497 1087 3564 quc
1108 3479 1194 3542 bulla
1209 3473 1387 3553 Adriatico,
1411 3500 1479 3542 ser·

292 3611 376 3678 pena
402 3589 552 3676 aquantilia
579 3591 807 3676 terrestresque,
836 3611 918 3654 rana
940 3587 1106 3674 palustria,
1135 3588 1225 3651 immo
1249 3607 1323 3650 vcro
1347 3585 1412 3672 (ue
1434 3609 1480 3652 erc
1560 3623 1562 3628 ·

297 3701 529 3768 cobrmr‘tctibus
555 3721 723 3788 copncmea
750 3701 819 3765 istis
847 3701 925 3765 uiris
946 3695 1127 3786 imponam)
1149 3719 1216 3785 quc
1236 3697 1377 3784 piratico
1398 3719 1480 3786 peras

296 3811 405 3876 aldrice
420 3811 559 3875 dolosum
571 3831 609 3876 uo
621 3812 805 3874 malevolum
821 3811 854 3874 in
865 3817 967 3874 menate
978 3809 1101 3896 quidem
1113 3807 1232 3878 babuit,
1249 3814 1361 3872 euentu
1373 3815 1480 3874 tamen

297 3919 421 3998 carcia·
444 3919 589 4005 concepit
603 3919 736 4006 quidem,
752 3941 853 4006 neque
867 3941 941 3984 uero
955 3918 1104 4006 perfecit.
1120 3918 1179 3982 aeul
1192 3917 1348 3982 incussum
1364 3925 1478 4002 partu·

296 4031 372 4108 rtis·
387 4028 568 4093 machinula
584 4035 631 4092 eat
643 4029 776 4114 quidem,
793 4029 851 4092 aed
864 4030 907 4118 ud
918 4031 1010 4114 (tuem
1026 4048 1089 4091 non
1101 4027 1268 4114 perducit,
1284 4027 1376 4089 inuno
1392 4035 1481 4092 ortes

296 4139 398 4203 sibila
407 4137 814 4211 contrariumversasvidie
829 4159 897 4204 cum
906 4139 993 4210 olidi.
1003 4145 1066 4202 uam
1076 4157 1153 4223 quoa
1161 4137 1269 4202 Ancon
1281 4135 1346 4200 illie
1354 4137 1478 4202 euenit

383 4245 449 4311 Jarn
471 4267 542 4311 vero
566 4265 623 4310 nec
648 4267 713 4309 eam
741 4247 875 4310 historie
900 4245 1144 4312 Veneto-Grecae
1172 4251 1287 4328 partem
1307 4263 1343 4308 ex
1358 4245 1476 4309 loanne

298 4355 439 4421 Cinnamo
468 4356 627 4428 discimus,
661 4375 728 4439 qnae
755 4355 1030 4422 reconciliationem
1060 4355 1207 4418 blanuelis
1240 4359 1270 4417 et
1296 4353 1480 4421 Venetorum

297 4469 424 4550 spectat.
450 4465 521 4528 Eam
537 4468 659 4548 prestat
677 4463 833 4527 Nicetes
850 4463 1089 4527 Acuminatus
1106 4465 1135 4527 in
1151 4462 1290 4528 blanuele
1302 4463 1333 4539 u,
1347 4466 1367 4527 9
1383 4463 1479 4551 (Opp.

297 4575 344 4640 ed.
361 4575 455 4638 Bnnn.
473 4594 502 4657 p.
520 4571 730 4659 222-2ao):
