3130 5078
302 353 378 428 530
487 362 581 418 lusco.
595 362 628 416 lll
640 378 731 418 srrsn.
746 381 781 416 ss
795 365 943 418 ltenmcuu
959 364 1118 416 Danouuun
1134 362 1200 416 llus.
1215 359 1284 414 ves.

300 537 397 608 lilium
418 541 575 617 nostrum,
602 534 861 626 Blulduinum]‚
882 535 1276 628 Constantinopolitanum
1296 537 1479 626 lmperato-

301 685 370 734 rem
389 663 560 742 illustrem,
581 669 616 732 et
634 663 780 732 Francos
800 684 837 730 er
857 661 976 744 altera,
1002 659 1213 732 concorditer
1231 661 1328 730 initas
1346 683 1480 732 assere-

302 793 396 874 bant,
422 813 501 882 quas
526 811 568 858 ne
594 792 665 881 quis
690 789 811 858 violare
838 795 1081 881 praesumeret,
1108 787 1264 882 petebant
1289 787 1350 858 sub
1373 810 1481 882 poena

302 917 640 989 excommunicationis
654 939 714 1008 per
728 915 846 988 Sedem
860 915 1080 1008 apostolicam·
1092 916 1242 996 inhiberi,
1262 921 1308 995 ut,
1331 915 1481 1006 quicum-

302 1067 364 1138 que
384 1044 534 1116 videlicet
551 1044 679 1112 reniret
697 1042 737 1112 de
757 1047 870 1112 cetero
895 1047 1011 1112 contra
1038 1065 1110 1126 eas,
1138 1041 1483 1112 excommunicationis

303 1171 485 1242 sententiae
511 1168 710 1260 subjaceret.
741 1169 849 1262 Super
874 1167 934 1240 hac
959 1177 1066 1240 autem
1094 1169 1195 1263 prima
1222 1169 1381 1262 petitione
1408 1191 1483 1237 cum

304 1298 459 1368 iratribus
479 1297 602 1368 uostris
620 1294 732 1366 habito
753 1294 898 1386 diligenti
922 1301 1077 1379 tractatu,
1104 1297 1166 1366 tria
1186 1297 1378 1376 invenimus,
1398 1317 1483 1387 quae

301 1426 362 1519 ipsi
382 1422 531 1519 petitioni
550 1424 677 1517 penitus
698 1423 936 1494 contradicunt.

390 1551 460 1622 Hoc
479 1550 563 1620 enim
582 1551 614 1620 in
628 1549 896 1621 conventionibus
917 1549 994 1640 ipsis
1014 1547 1188 1642 capitulum
1208 1555 1260 1620 est
1278 1571 1483 1642 expressum,

302 1687 339 1750 ut
371 1681 458 1748 inter
485 1675 629 1747 Venetos
661 1683 695 1746 et
726 1677 946 1768 lhancigenss
977 1675 1203 1768 possessiones
1237 1675 1482 1746 ecclesiasticae

302 1805 494 1886 dividantur,
514 1809 680 1874 reservata
700 1802 828 1872 clericis
847 1802 1011 1894 portione,
1031 1802 1071 1871 de
1083 1825 1146 1898 (pm
1161 1802 1288 1893 possint
1301 1801 1483 1872 honorilice

301 1931 489 2002 sustentari.
521 1929 608 1999 Sane
628 1953 701 1999 cum
716 1927 934 1999 Ecclesiarum
954 1928 1126 1998 thesauros
1147 1951 1210 1998 non
1230 1929 1300 1997 sine
1320 1931 1483 2005 creatoris

301 2058 426 2130 offensa
446 2079 558 2127 manus
577 2055 747 2148 diripuerit
766 2055 919 2136 violenta,
941 2054 1096 2146 majorem
1117 2054 1242 2146 culpam
1262 2055 1482 2137 incurrerent,

301 2187 354 2279 qui
374 2183 530 2277 spoliatas
547 2182 710 2252 thesauris
726 2181 891 2252 Ecclesiae
911 2181 978 2250 suis
998 2181 1261 2273 possessionibus
1281 2181 1480 2262 mutilarent,

301 2333 363 2381 nec
381 2310 516 2381 deceret
535 2308 745 2403 apostolicam
765 2309 884 2378 Sedem
903 2307 975 2376 illos
1001 2307 1065 2378 hoc
1084 2308 1182 2378 modo
1202 2308 1400 2391 defendere,
1428 2311 1480 2402 qui

301 2438 349 2508 sic
369 2435 623 2507 ecclesiasticam
642 2435 849 2505 offenderent
868 2435 1069 2528 dignitatem.

393 2565 566 2634 Praeterea
586 2561 719 2632 eumad
739 2562 896 2633 honorem
917 2563 1084 2633 Ecclesiae
1103 2565 1267 2634 Romanae
1294 2562 1479 2656 hujusmodi

302 2691 367 2760 sint
381 2689 479 2760 initae
495 2690 674 2783 pactiones,
693 2696 727 2760 et
745 2691 813 2760 lere
827 2692 858 2760 in
873 2691 1008 2782 singulis
1028 2690 1174 2782 capitulis
1195 2691 1258 2761 hoc
1278 2713 1479 2783 expressum,

302 2823 338 2886 ut
353 2815 393 2886 ad
413 2816 571 2886 honorem
586 2816 657 2907 ejus
672 2818 776 2886 omnia
791 2817 1013 2910 provenirent,
1034 2837 1094 2886 nee
1110 2816 1277 2887 debuimus
1293 2841 1355 2888 nec
1369 2822 1480 2912 potui·

303 2965 373 3012 mus
399 2943 608 3026 confirmare,
639 2943 744 3035 quod,
773 2951 887 3014 contra
911 2943 1130 3035 juramentum
1158 2943 1198 3013 ab
1224 2951 1361 3037 utraque
1386 2953 1479 3038 parte

301 3069 515 3140 communiter
536 3070 738 3162 praestitum,
758 3069 875 3140 honori
896 3070 990 3140 Sedis
1009 3069 1209 3162 apostolicae
1228 3070 1417 3164 derogaret.

390 3197 527 3288 Insuper
542 3217 615 3266 cum
629 3198 660 3264 in
675 3203 722 3278 te,
742 3219 780 3265 ac
800 3196 831 3265 in
850 3221 907 3266 sex
925 3196 965 3265 dc
982 3197 1173 3266 consiliariis
1192 3197 1267 3280 tuis,
1289 3205 1324 3267 et
1342 3197 1481 3267 nobilem

302 3323 413 3405 virum,
433 3321 660 3416 Booc‘saciunc
681 3322 898 3393 marchionem
918 3323 1193 3408 hiantis-Ferret,
1213 3348 1251 3394 ac
1271 3347 1328 3394 sex
1343 3325 1385 3394 de
1399 3349 1482 3395 con-

300 3449 429 3520 siliariis
448 3447 534 3531 suis,
562 3447 698 3520 addendi
721 3449 768 3520 vel
788 3451 948 3520 minuendi
968 3451 1010 3518 sit
1030 3451 1148 3522 collata
1166 3451 1322 3536 facultas,
1343 3452 1481 3546 qualiter

300 3577 333 3645 in
351 3575 508 3647 laicorum
529 3577 663 3646 arbitrio
685 3583 829 3646 nostram
849 3577 1040 3647 sententiam
1061 3600 1267 3670 poneremus,
1286 3587 1322 3649 ut
1340 3579 1385 3648 illi
1404 3603 1481 3652 sen·

301 3703 435 3772 tentiam
463 3702 803 3774 excommunicationis
831 3704 1054 3784 incurrerent,
1084 3705 1137 3796 qui
1165 3705 1259 3774 nobis
1288 3707 1419 3798 ignotas
1449 3714 1483 3776 et

302 3829 405 3899 sacris
437 3829 576 3899 lorsitan
610 3829 788 3900 canonibus
826 3830 970 3900 inimicas
1002 3833 1252 3902 constitutiones
1285 3834 1385 3904 laicas
1416 3857 1482 3904 non

303 3953 499 4026 servarent?
543 3957 687 4048 Cumque
716 3956 853 4027 dilectus
881 3955 982 4038 lilius,
1012 3957 1212 4050 T[lsooms]‚
1246 3961 1481 4032 Constantino-

296 4081 464 4173 ‚politanus
498 4083 638 4166 electus,
675 4084 706 4152 in
735 4083 880 4174 proximo
909 4083 1221 4176 Constantinopolim
1245 4087 1287 4157 sit
1314 4095 1481 4170 venturus,

304 4230 368 4279 non
406 4211 513 4282 luerat
544 4210 584 4280 de
616 4209 878 4302 possessionibus
906 4210 1077 4283 Ecclesiae
1105 4215 1484 4308 Constantinopolitanae

304 4343 379 4405 ante
399 4335 569 4406 adventum
594 4337 693 4430 ipsius
719 4336 837 4430 aliquid
856 4337 1090 4429 disponendum
1110 4363 1128 4408 a
1147 4340 1257 4424 laicis,
1283 4343 1333 4412 vel
1359 4347 1483 4415 confir-

304 4462 453 4534 mandum
472 4487 490 4533 a
510 4463 616 4546 nobis,
643 4462 729 4554 quod
752 4471 867 4556 posset
885 4465 916 4532 in
933 4465 1019 4557 juris
1038 4469 1110 4558 ejus
1130 4468 1277 4560 injuriam
1306 4477 1339 4539 et
1366 4473 1483 4543 Eccle-

304 4590 372 4660 siae
391 4613 469 4661 suae
488 4589 688 4683 dispendium
707 4589 900 4662 redundare.
