3120 5078
427 361 538 418 conus
551 362 756 418 Cununtconuu
770 365 947 418 Fnattotttam
1205 353 1282 424 297

85 529 339 604 adolescentem
375 533 575 628 undeuiginti
612 558 770 608 annorum
808 537 839 606 in
876 533 1049 626 hperium
1081 533 1283 604 sublimaret.

84 659 181 729 Tunc
208 659 252 730 ad
276 666 431 752 rogatum
455 661 547 754 regis
569 660 734 755 Ungariae
757 661 934 732 Balduinus
961 685 1037 732 cum
1056 661 1123 732 suis
1143 660 1281 731 classem

83 785 270 868 intrantes,
297 786 369 858 vela
394 794 512 860 ventus
536 787 649 860 sultlat
673 794 707 858 et
726 787 1043 881 Constantinopolim
1069 788 1181 880 dirigit
1206 793 1282 857 ante

82 913 221 996 unum,
248 937 332 1007 quae
359 914 492 986 Galatas
515 915 653 998 dicitur,
679 937 776 1008 quam
800 916 983 986 ascendunt
1009 921 1044 984 et
1073 915 1220 1007 capiunt;
1250 919 1284 982 et

83 1038 221 1132 Pyrely,
248 1039 337 1134 qnod
364 1047 437 1111 erat
461 1040 653 1112 suburbium
678 1041 1063 1136 Constantinopolitanae
1091 1041 1200 1121 urbis,
1228 1038 1283 1110 ubi

81 1165 182 1236 Judei
204 1168 506 1252 commorabantur,
527 1169 791 1240 combusserunt.
813 1169 857 1239 Et
875 1169 924 1238 sie
942 1169 1102 1238 intrantes
1118 1166 1282 1238 Constan-

80 1292 259 1386 tinopolim
287 1299 321 1363 et
343 1293 493 1366 Alexinm
519 1302 717 1398 quaerentes
743 1297 872 1366 minime
894 1294 1078 1375 inueniunt;
1107 1317 1181 1364 nam
1207 1316 1282 1364 cum

81 1421 231 1515 quinque
246 1419 386 1492 millibus
399 1421 566 1492 bominum
583 1421 696 1516 mgam
707 1422 805 1516 ‚capit
822 1443 937 1492 uersus
950 1419 1146 1504 Iohannem,
1166 1441 1282 1513 regem

80 1547 273 1620 Valacbiae.

177 1674 368 1757 Balduinus,
393 1674 491 1746 tilium
513 1675 639 1758 Coitae,
658 1697 793 1769 paruum
812 1671 971 1756 alexium,
1000 1696 1075 1746 cum
1095 1679 1200 1743 matre
1223 1696 1282 1743 sua

78 1801 310 1895 Imperatn‘ee,
330 1823 433 1871 uxore
448 1801 564 1872 Crisac
583 1807 618 1871 et
631 1823 748 1871 sorore
763 1801 854 1893 regis
869 1800 1048 1894 Ungariae,
1068 1802 1100 1870 in
1113 1803 1280 1873 Constan-

78 1927 256 2022 tinopolim
276 1927 441 2000 introduci
460 1927 557 2010 lecit;
587 1927 690 2021 gavisi
708 1926 843 1998 multum
864 1927 1216 2021 ConstantinopoIItani
1238 1927 1280 1998 de

76 2054 228 2124 aduentu
261 2055 473 2148 Imperatoris
509 2061 544 2124 et
570 2053 624 2124 lilii
653 2053 713 2124 sui.
752 2056 895 2125 Secutus
924 2060 977 2122 est
1005 2053 1136 2124 tandem
1165 2055 1280 2126 Crisac

78 2180 279 2272 Imperator,
300 2187 335 2252 et
349 2180 704 2274 Constantinopolitsni
724 2179 909 2272 supplicant
926 2179 1098 2260 Balduino,
1119 2189 1281 2273 quatenus

78 2329 143 2399 pro
164 2313 318 2401 tempore
340 2308 460 2380 ibidem
480 2313 611 2378 maneat
629 2311 665 2377 et
682 2327 784 2376 caeco
804 2306 999 2399 Imperatori
1019 2331 1136 2378 eorum
1155 2331 1279 2378 oonsu-

76 2431 139 2502 lat.
170 2433 239 2502 Sed
258 2435 451 2506 brevissimo
470 2441 622 2526 tempore
642 2455 760 2503 caecus
779 2435 962 2525 Imperator
977 2433 1090 2504 Crisao
1109 2439 1282 2527 superstes

78 2557 165 2629 uiam
193 2561 367 2632 uniuersae
392 2561 500 2632 carnis
522 2559 681 2654 perfecit,
708 2564 743 2628 et
765 2560 798 2628 in
819 2558 960 2628 ecclesia
983 2565 1116 2630 mactae
1133 2559 1280 2653 Sophiae

78 2685 300 2772 honorificae,
319 2694 357 2758 ut
375 2687 498 2770 decuit,
516 2687 657 2758 traditur
674 2685 882 2780 sepulturae3
904 2689 938 2754 et
956 2684 1039 2756 lilius
1059 2686 1135 2778 ejus
1148 2684 1279 2756 Alenius

78 2813 113 2883 in
139 2815 380 2908 Imperatorem
407 2813 601 2888 sublimatur
624 2818 660 2882 et
684 2817 875 2884 coronatur.
905 2811 1082 2882 Balannus
1109 2813 1281 2905 quemdam

79 2941 187 3010 civem
208 2939 621 3034 Constantinopolitanum,
641 2938 856 3010 honorificum
875 2961 915 3010 ac
932 2959 1070 3032 magnae
1088 2939 1282 3033 prudentiae

79 3067 201 3151 riuum,
220 3074 395 3160 regentem
412 3067 516 3136 totius
535 3065 696 3137 Graeciae
715 3064 896 3134 constituit.

174 3193 322 3264 Tandem
336 3194 375 3262 iis
390 3191 548 3286 peractis,
568 3190 746 3262 balduinus
760 3213 877 3262 nauem
892 3190 1076 3262 ascendens
1089 3215 1162 3264 cum
1182 3216 1281 3286 pere·

80 3319 188 3412 grisiis
209 3321 278 3390 suis
297 3318 551 3410 crucesignatis,
569 3324 608 3388 ut
625 3339 768 3411 peregre
786 3315 969 3388 Jerusalem
986 3325 1141 3412 pergant,
1162 3319 1281 3390 accidit
1339 3371 1342 3376 -

80 3444 135 3515 illo
152 3447 364 3538 intempore,
380 3444 471 3539 quod
484 3443 657 3526 lIurtillez,
678 3443 788 3516 audita
807 3450 912 3514 morte
928 3446 1041 3518 Crisao
1055 3445 1278 3537 Imperatoris,

81 3593 142 3664 per
159 3577 269 3642 totam
289 3573 463 3644 Graeciam
482 3571 618 3664 equitat,
645 3591 759 3640 ornnes
779 3569 854 3640 olim
873 3571 1052 3642 officiarios
1072 3571 1220 3664 deponit,
1246 3579 1281 3643 et
1366 3595 1369 3604 ’

80 3698 208 3769 amicos
228 3705 263 3767 et
281 3705 446 3789 cognatos
471 3719 551 3768 auos
573 3695 712 3790 imponit
736 3703 771 3766 et
788 3698 836 3766 eis
855 3696 994 3790 singulis
1014 3697 1122 3768 officia
1142 3701 1279 3791 provin-

81 3826 152 3895 ciae
165 3823 328 3894 Graeciae
348 3823 523 3894 distribuit.
545 3823 587 3892 ut
602 3822 735 3894 veniens
749 3823 1067 3916 Constantinopolim
1086 3825 1117 3894 in
1137 3825 1280 3918 quodam

80 3947 285 4022 monasterio
318 3947 505 4020 monialium
529 3925 578 4018 'de
606 3954 712 4020 morte
738 3949 870 4041 juvenis
894 3973 934 4020 ac
962 3951 1036 4021 novi
1068 3951 1280 4044 Imperatoria

80 4084 220 4160 traam,
249 4083 286 4147 et
303 4075 388 4148 duos
407 4075 619 4166 Imperatoris
636 4074 827 4145 famularius
846 4081 881 4146 et
899 4075 1120 4148 cubicularios
1140 4077 1280 4150 dilectos

80 4201 122 4274 ad
141 4202 316 4274 oonmlinm
334 4225 430 4272 auum
449 4205 623 4271 conuscat.
648 4199 856 4272 Concludunt
873 4201 1004 4287 ibidem,
1025 4203 1114 4297 quod
1128 4206 1280 4298 sequenti

80 4337 181 4402 nocte
201 4330 439 4423 Imperatorem
455 4327 670 4398 donnientem
685 4327 897 4398 suffocarent.
920 4328 963 4398 Et
981 4329 1068 4400 sicut
1086 4330 1280 4402 conclusum

82 4463 151 4540 est,
177 4455 263 4527 bora
290 4453 417 4526 medus
443 4453 550 4524 noctis
578 4453 774 4524 olefactum
800 4462 863 4526 est.
899 4457 1057 4549 Sequenti
1084 4457 1137 4527 dia
1165 4458 1278 4550 plures

81 4585 282 4654 conueniunt
317 4581 358 4651 ad
395 4579 567 4672 palatium,
604 4579 644 4650 ad
673 4583 906 4673 Imperatorem
934 4582 975 4653 ad
1005 4583 1276 4677 colloquendum
