3110 5076
389 335 562 396 Connnsnrur
574 339 609 394 lll
622 313 715 394 Parin
728 355 879 394 urrunnun.
1144 329 1217 402 21¹

57 505 201 591 debente,
228 509 318 580 iacto
347 532 456 582 meuse
482 510 578 583 lunio
600 511 771 614 presentis
802 509 939 603 septime
966 511 1149 584 indictionis
1181 512 1224 586 Vl

61 632 201 704 millesimi
231 635 271 704 Vl
299 631 505 730 centesimi¹)
537 636 737 730 nonagesimi
765 638 890 731 septimi
920 639 1011 723 anni,
1039 640 1070 710 in
1100 664 1163 733 quo
1190 646 1225 710 et

61 767 193 832 nostrum
211 763 298 856 pium
317 769 351 833 et
369 787 386 833 a
407 764 469 836 deo
489 771 670 858 promotum
690 763 892 856 subsignauit
910 765 1090 858 lmperium.

279 903 519 1002 lsaalrius²)
549 911 579 980 iu
599 909 731 982 Christo
750 904 854 1001 deo³)
873 911 975 982 fidelis
995 915 1174 1006 imperator
1194 919 1227 982 et

456 1035 643 1108 moderator
661 1038 881 1108 Romanorum
898 1037 1055 1132 Angelus.

580 1237 701 1308 LXXV.

62 1378 204 1443 tselestlnl
235 1379 275 1442 ΙΙΙ
305 1381 332 1442 l.
362 1380 395 1442 d.
421 1379 530 1444 littera
558 1379 594 1442 sd
625 1379 729 1444 lucen
756 1380 941 1446 Venetiam
963 1381 1145 1460 ¹hortatorie
1173 1401 1227 1466 prs

16 1487 17 1508 ³
214 1489 325 1552 auxillo
341 1490 378 1552 sd
395 1488 645 1572 recuperstlsncn
661 1491 748 1552 terre
765 1493 873 1552 sancte
889 1490 1066 1580 prestando.

428 1629 458 1682 Α.
472 1628 498 1682 d.
512 1627 590 1689 ttae,
604 1626 645 1680 die
657 1628 700 1682 2³.
713 1645 745 1681 m.
761 1628 853 1684 llnrtii.

16 1783 17 1790 ¹
138 1760 357 1844 dutograpbum
375 1759 406 1822 in
422 1757 494 1822 eod.
511 1760 576 1822 Lat.
594 1758 627 1822 S.
644 1758 737 1822 blarei
754 1758 791 1824 cl.
809 1757 885 1834 xiv,
902 1760 970 1826 cod.
986 1760 1098 1836 lxxii,
1115 1782 1179 1826 nro.
1197 1765 1227 1828 d.

63 1869 264 1952 Pergamenum
282 1867 357 1932 male
374 1869 541 1943 mulcatum,
558 1867 608 1931 bic
624 1867 687 1932 illie
702 1867 859 1942 detritum
883 1869 1053 1952 insignitum
1073 1869 1227 1956 aliquando

16 1983 17 1986 ’
65 1979 115 2042 sie:
136 1979 247 2053 „XXX
266 1977 362 2042 1192.
387 1979 488 2064 Papa.
517 1978 616 2042 rma
634 1981 778 2042 smmeto“.

16 2153 18 2246 p
413 2127 519 2198 Nobdi
539 2129 606 2198 viro
625 2129 705 2198 Ituci
724 2127 869 2199 Venetis.

16 2253 18 2322 l
140 2275 323 2346 celestinus
343 2275 534 2370 episcopus,
569 2297 684 2344 semrus
712 2297 880 2344 seruorum
907 2274 979 2358 dei,
1006 2274 1126 2345 dilecto
1152 2273 1228 2359 lilio,

63 2401 149 2472 nobili
169 2402 253 2486 uiro,
272 2403 354 2472 Duci
369 2401 515 2484 Venetis,
534 2401 669 2472 salutem
684 2409 717 2470 et
731 2399 941 2494 apostolicam
960 2399 1228 2471 benedictionem.

142 2528 302 2614 Quantrnm
323 2583 331 2600 .
353 2581 362 2598 .
385 2581 392 2598 .
414 2527 588 2599 obristiune
608 2527 683 2598 lidei
701 2526 880 2621 derogetur
896 2549 934 2596 ex
950 2550 1002 2610 eo,
1022 2525 1110 2620 quod
1128 2532 1229 2611 terra,

62 2655 107 2722 nbi
133 2661 291 2726 steterant
318 2655 419 2750 pedes
447 2655 582 2738 dondni,
611 2661 676 2724 tarn
704 2653 758 2724 diu
784 2653 823 2724 ab
846 2653 1070 2747 Agerenorum
1095 2655 1231 2750 spureiis

62 2779 245 2878 (spurcitiis
253 2783 272 2853 ?
272 2785 298 2875 )
319 2781 493 2865 detinetur,
513 2803 553 2850 eo
574 2780 695 2852 certius
714 2779 864 2856 nobilitas
882 2787 937 2851 tuo
957 2782 1145 2873 cognoscit,
1165 2805 1230 2876 quo
1318 2791 1321 2804 ’

63 2879 242 3001 munumina
270 2911 311 2982 ibi
340 2909 462 3004 populo
484 2908 665 2980 Christiano
693 2907 780 2980 illata
810 2931 848 2980 ex
875 2909 1060 3002 prenunciis
1087 2909 1232 3004 plurimis

64 3037 241 3130 percepisti.
275 3037 368 3108 Unde
392 3058 464 3106 curn
492 3036 616 3108 maximi
642 3037 742 3106 totius
768 3036 856 3107 orbis
883 3043 1042 3108 terrarum
1070 3038 1231 3132 principes

16 3179 18 3294 j
65 3187 116 3255 pro
133 3163 216 3234 illius
235 3164 482 3258 recuperatione
501 3163 720 3235 intolerabiles
739 3163 869 3234 labores
888 3163 1044 3234 subierint
1063 3171 1096 3234 et
1109 3187 1232 3259 expen-

16 3295 19 3408 ξ
66 3313 120 3375 sas,
144 3315 262 3384 equum
286 3297 392 3362 estet
417 3313 594 3361 consonum
620 3291 754 3371 rationi,
779 3296 869 3360 tento
890 3297 922 3361 te
942 3313 1014 3361 cum
1033 3292 1157 3386 populo
1174 3293 1232 3364 tibi

16 3411 18 3480 l
67 3419 184 3490 subdito
209 3426 244 3489 et
266 3419 297 3487 in
323 3417 421 3488 rebus
446 3424 479 3488 et
503 3417 651 3511 personis
670 3417 745 3487 buie
764 3419 898 3510 negotio
918 3417 1120 3488 commodius
1139 3421 1230 3490 ouri-

65 3541 128 3614 lium
156 3551 190 3615 et
217 3544 381 3615 efficacius
409 3543 582 3638 impertiri,
612 3548 732 3636 quanto
758 3542 979 3614 subueniendo
1009 3544 1114 3614 eidem
1142 3552 1232 3618 terre

16 3587 20 3740 l
67 3673 183 3766 superni
203 3671 360 3742 creatoris
380 3669 549 3742 clementia
568 3672 720 3739 maiorem
739 3669 796 3739 tibi
814 3669 935 3740 tribuet
953 3671 1148 3744 facultatem.
1263 3665 1265 3670 ’

16 3769 19 3850 l
142 3799 285 3892 ldeoque
304 3797 511 3870 deuotionem
530 3803 615 3866 tuanr
634 3819 806 3890 rogamus,
832 3819 1016 3880 monemus,
1037 3799 1229 3872 attendimus

67 3931 93 3994 et
115 3949 172 4019 per
199 3927 378 4019 apostolica
405 3925 526 4018 scripta
553 3923 756 4007 mandamus,
793 3923 940 4016 quatinus
968 3923 1105 3996 dilectos
1133 3925 1228 4009 filios,

68 4053 223 4124 uniuersos
242 4051 428 4132 veneticos,
447 4045 596 4122 subditos·
614 4057 699 4135 tuos,
720 4071 852 4122 monere
870 4051 1069 4142 armemus
1081 4059 1114 4121 et
1131 4057 1228 4145 pote·

67 4183 139 4249 state
168 4180 225 4250 tibi
263 4179 380 4250 tradita
412 4179 567 4253 inducere
598 4201 776 4272 procures,
809 4183 845 4248 ut
877 4179 1070 4248 frumentum
1108 4178 1228 4250 dilecto

88 4459 111 4529 ¹)
129 4462 256 4516 ducent.
284 4462 348 4524 lade
374 4463 488 4514 sextio.
513 4461 561 4514 LP.
588 4461 612 4513 in
637 4473 642 4618 p
691 4459 719 4530 ²)
740 4460 891 4512 lsacbius
909 4461 943 4513 bl.

128 4569 207 4615 corr.;
224 4553 336 4606 sexies
356 4556 437 4607 cent.
455 4553 487 4606 bl.
692 4549 720 4622 Β)
740 4549 793 4604 dei
811 4549 888 4604 tilio
907 4550 940 4604 bl.

957 4641 1011 4694 ll*
