3110 5076
304 321 380 392 272
544 330 733 384 Parvrnnsruu
748 329 850 384 Anaxu
862 329 896 384 lll
909 329 968 384 lus.
982 330 1052 386 Van.
1066 343 1241 384 concessus.

304 495 478 593 Attalie¹),
498 499 651 572 Seleukie
659 495 703 594 ²),
718 495 951 595 Antiochiae'),
969 492 1183 592 Laudilrie⁴);
1204 504 1238 570 et
1255 521 1360 592 usque
1379 499 1480 592 ipsam

304 629 522 710 Antiochiam
547 635 581 700 et
606 629 794 724 simpliciter
817 632 848 702 in
875 632 960 702 omni
985 635 1191 713 tenumento,
1220 628 1307 722 qnod
1327 626 1388 698 sub
1408 647 1478 696 meo

305 765 355 828 cst
373 759 523 850 Imperio,
543 757 614 828 siue
633 781 730 828 secus
748 758 837 842 litus,
857 765 913 853 aut
930 759 1013 830 inira
1032 764 1165 828 terram.

393 887 427 956 ln
448 885 595 955 omnihus
619 886 702 955 enim
725 885 842 957 talibus
866 885 1056 980 regionibus
1076 884 1203 978 lmperij
1224 882 1286 952 mei
1305 887 1340 951 et
1357 883 1478 952 Roma·

304 1013 367 1096 nie,
395 1011 446 1082 uel
471 1012 632 1106 phiscales
651 1013 726 1097 sint,
752 1021 808 1084 aut
834 1013 1068 1096 ecclesiastice,
1094 1009 1147 1082 uel
1172 1010 1322 1103 subjecte
1341 1009 1479 1080 seeretis

304 1163 467 1210 sacrarum
495 1140 656 1224 domuum,
682 1145 738 1210 aut
761 1142 838 1236 ipsis
864 1141 981 1212 intimis
1000 1137 1150 1236 cognatis
1169 1138 1297 1232 lmperij
1317 1138 1398 1220 mei,
1423 1159 1481 1232 per

305 1268 410 1338 omnia
429 1267 630 1338 lellicissimis
650 1270 965 1341 seuastocratorihus
985 1277 1018 1340 et
1036 1266 1231 1348 Cesaribus,
1257 1265 1335 1358 ipsis
1354 1264 1481 1336 dilectis
1550 1269 1552 1340 l

304 1395 428 1465 filiabus
453 1394 580 1488 lmperij
605 1397 683 1479 mci,
709 1419 854 1467 necnon
874 1403 907 1467 et
925 1398 984 1490 ipsi
1002 1419 1073 1465 mec
1093 1393 1298 1464 dilectissime
1317 1391 1479 1485 Auguste,
1550 1441 1552 1462 .

303 1524 373 1594 sine
402 1521 629 1617 impedimento
656 1531 751 1594 erunt
777 1529 978 1608 mercantes,
1009 1529 1042 1594 et
1070 1525 1102 1592 in
1130 1506 1199 1616 ipsa
1230 1522 1325 1592 ctiam
1353 1519 1480 1590 urbium

303 1651 416 1743 regina
441 1650 557 1721 nullam
586 1651 775 1722 mollestiam
802 1651 974 1744 abaliquo
1002 1651 1216 1733 sustinentes,
1244 1671 1305 1718 nec
1325 1649 1420 1717 etiam
1441 1669 1482 1716 ex
1551 1727 1552 1734 p

303 1783 375 1849 toto
402 1801 505 1872 usque
532 1802 629 1848 unum
654 1779 783 1850 obolum
811 1803 871 1875 pro
901 1779 1115 1862 commercio,
1146 1775 1197 1848 nel
1222 1765 1397 1870 passagio,
1428 1772 1482 1843 uel
1550 1765 1552 1780 ⁴

303 1905 525 1988 commistim,
552 1906 603 1976 nel
628 1908 809 1989 scaliatico‚
836 1907 887 1978 nel
906 1907 1111 2001 portuatico,
1137 1904 1190 1974 uel
1209 1927 1269 1997 pro
1289 1903 1397 1997 aliquo
1418 1900 1482 1972 alio
1551 1989 1552 2008 χ

304 2033 444 2126 capitulo
464 2033 623 2127 requisiti;
654 2035 788 2105 candem
813 2036 907 2106 etiam
932 2035 1115 2106 libertatem
1133 2031 1301 2103 habebunt
1319 2036 1353 2100 et
1370 2027 1412 2100 ab
1433 2029 1481 2134 eis
1551 2065 1552 2114 ς

303 2161 466 2235 conducta
490 2163 626 2232 samaria
652 2169 685 2234 ct
709 2163 869 2256 plaustra,
896 2169 929 2234 et
953 2186 1016 2234 nec
1039 2161 1079 2232 ab
1106 2157 1134 2232 is
1157 2157 1277 2254 aliquid
1304 2159 1345 2228 ab
1370 2155 1479 2250 aliquo
1551 2249 1552 2252 Ἴ

301 2401 621 2414 -—--——-..-——.

329 2552 356 2625 ¹)
374 2553 489 2609 Achaiie
511 2554 563 2608 LA.
585 2559 612 2610 et
631 2555 695 2608 CR:
725 2554 908 2626 rescripsimus
929 2553 1077 2608 Attalis.
1105 2551 1214 2615 httalia,
1236 2549 1395 2623 Pamphyliae
1416 2550 1481 2604 urhe

373 2647 509 2710 maritima,
538 2663 587 2700 non
615 2645 712 2700 Attalis
738 2645 839 2719 Lydios,
866 2645 951 2700 medio
986 2661 1039 2700 evo
1074 2643 1115 2698 rix
1148 2649 1298 2714 superstes,
1336 2641 1481 2714 significari
1551 2709 1552 2712 Ἴ

372 2737 481 2792 ridetur.
509 2740 547 2792 De
569 2737 619 2790 ista
641 2738 761 2806 legantur
781 2738 853 2792 Anna
875 2737 1004 2792 Comaeaa
1026 2736 1092 2791 libro
1110 2736 1165 2790 lllll
1182 2735 1240 2806 (ed.
1257 2734 1340 2788 Paris.
1356 2753 1384 2806 p.
1399 2733 1480 2806 1211).
1551 2789 1552 2796 ,

371 2828 478 2882 Nicetes
497 2829 522 2882 in
539 2829 637 2884 loanne
653 2829 783 2884 Comneno
801 2845 859 2899 cap.
875 2829 916 2883 10.
942 2825 1080 2882 Cinnamus
1097 2826 1123 2880 in
1141 2825 1352 2885 hoenstetta.
1372 2825 1483 2880 Nicetes

371 2918 396 2972 in
418 2918 522 2983 Alexio,
546 2920 670 2974 Ganuelis
693 2919 758 2984 lilio,
780 2937 839 2990 cap.
860 2919 909 2982 163
931 2917 999 2972 idem
1021 2919 1047 2971 in
1065 2919 1133 2973 Urba
1154 2919 1231 2989 capta
1250 2933 1310 2987 cap.
1329 2917 1372 2973 16.
1399 2917 1482 2971 Nice·
1550 2909 1552 2920 ’

372 3012 470 3081 pheres
497 3011 630 3081 Gregoras
654 3011 683 3073 l,
700 3013 725 3066 3.
749 3011 909 3083 Ephraemius
927 3011 953 3062 in
974 3007 1119 3063 Cesaribus
1139 3027 1161 3064 v.
1181 3008 1260 3063 7567.
1284 3008 1369 3062 Situm
1383 3011 1483 3064 nosue

369 3101 474 3156 Attalis
488 3102 625 3156 illustrarit
637 3101 780 3156 heahius
794 3103 819 3156 in
830 3099 965 3156 itinerario
979 3100 1047 3154 Asiae
1062 3099 1166 3154 Minoris
1178 3115 1238 3171 pag.
1254 3099 1307 3155 192
1318 3117 1361 3170 sq.

325 3191 352 3264 ²)
372 3193 532 3248 Seleucia
555 3193 723 3266 Pamphyliae,
746 3198 775 3248 nt
798 3193 903 3256 hitalia,
926 3193 999 3254 urbs,
1022 3189 1120 3246 Ciliciae
1141 3191 1265 3246 Tracheae
1287 3187 1482 3262 (occidentali)

372 3285 494 3356 contigua
515 3285 572 3340 fnit.
599 3285 660 3338 Fuit
680 3284 765 3338 medio
788 3300 841 3338 aeso
861 3284 946 3338 thama
964 3283 1112 3354 peculiare,
1133 3281 1316 3354 interpositum
1333 3281 1434 3335 Ciliciae
1455 3283 1484 3335 et

335 3383 339 3393 ’
371 3374 547 3447 Cihprrseotis,
562 3377 621 3431 coll.
635 3374 805 3431 Constantino
819 3376 980 3448 Porphyrog.
994 3373 1027 3426 dc
1042 3375 1121 3428 them.
1134 3373 1223 3428 lihrol
1244 3371 1328 3445 (Opp.
1342 3371 1385 3425 cd.
1399 3372 1482 3426 Bonn.

371 3465 400 3520 T.
418 3469 444 3530 3,
465 3486 492 3538 p.
511 3469 544 3523 35
567 3467 636 3542 sq.).
660 3468 698 3522 Dc
718 3483 749 3522 ea
766 3465 869 3522 uidendi
889 3464 1034 3526 Cinnamus,
1055 3464 1144 3527 1,17.
1164 3467 1191 3518 ct
1209 3463 1315 3520 Nicetes
1334 3462 1359 3516 in
1379 3462 1483 3518 loanne

372 3555 502 3612 Comneno
515 3577 574 3631 cap.
587 3561 612 3614 ὅ.

326 3646 353 3721 ⁸)
372 3649 529 3714 Antiochia,
553 3649 691 3705 Loudikic
709 3648 818 3718 margini
832 3647 990 3704 adscribitur
1003 3647 1028 3701 in
1041 3647 1091 3702 LP.
1106 3679 1139 3688 -
1152 3645 1338 3702 Antiochia
1357 3645 1484 3702 hlaeandri

373 3740 545 3810 significatur.
574 3742 636 3796 Eam
656 3744 799 3796 memorant
817 3741 889 3794 Anna
902 3741 1030 3795 Comnena
1048 3737 1113 3793 lihro
1127 3737 1182 3792 lllll
1194 3737 1252 3810 (sd.
1265 3737 1348 3792 Paris.
1360 3755 1387 3810 p.
1401 3737 1482 3810 122).

374 3831 503 3902 Georgius
513 3832 686 3905 Pachymcres
698 3833 723 3886 in
734 3832 860 3887 llichaels
870 3831 1016 3900 Palaeologo
1027 3830 1053 3892 G,
1063 3830 1106 3885 20.
1121 3829 1251 3901 Georgius
1261 3829 1390 3883 Phrantaa
1401 3830 1426 3892 1,
1436 3831 1482 3884 23.

328 3921 356 3995 ⁴)
376 3921 543 3976 Laodicea
562 3924 682 3995 Phrygiae
701 3923 805 3980 minoris
825 3924 970 3994 spectatur,
988 3939 1037 3975 non
1059 3921 1109 3975 alia
1127 3921 1244 3990 ejusdem
1257 3921 1376 3974 nominis.
1396 3920 1437 3974 De
1452 3937 1484 3976 ca

374 4013 494 4085 legantur
515 4011 652 4068 Cinnamus
668 4017 687 4076 l,
705 4017 731 4069 2.
750 4017 777 4077 1,
790 4015 833 4068 21.
852 4015 879 4076 7,
892 4013 918 4068 3.
939 4011 1047 4066 Nicetes
1066 4012 1092 4066 in
1109 4011 1207 4067 loanae
1228 4013 1357 4068 Comnsno
1374 4027 1436 4083 cap.
1448 4011 1483 4074 1;

374 4104 442 4158 idem
455 4104 480 4158 in
493 4105 610 4159 Manuale
625 4107 650 4167 3,
662 4107 688 4162 d.
707 4107 732 4171 6,
746 4106 776 4168 8;
794 4105 862 4158 idem
882 4105 907 4158 in
928 4103 1026 4158 isaacio
1039 4103 1142 4175 hogelo
1162 4105 1188 4167 2,
1201 4104 1226 4158 5.
1239 4103 1270 4168 o;
1289 4103 1359 4156 idem
1371 4101 1398 4155 in
1411 4101 1484 4157 Urbe

375 4199 453 4268 capta
463 4213 521 4268 cap.
530 4196 572 4252 16.
583 4195 713 4268 Georgius
720 4195 873 4266 Acropolita
883 4213 942 4267 cap.
951 4195 996 4250 69.
1006 4195 1168 4267 Ephraemius
1179 4194 1204 4248 in
1213 4193 1359 4250 Caesaribus
1366 4193 1482 4250 censs.

375 4287 454 4342 5957.
479 4288 567 4342 Ducas
591 4305 649 4359 cap.
666 4289 693 4350 1,
713 4289 754 4344 17.
767 4319 803 4328 -
826 4285 920 4341 Ultima
939 4285 1087 4358 diplomatis
1106 4288 1153 4352 (ct
1169 4302 1255 4358 usque
1272 4287 1364 4360 ipram
1381 4283 1484 4340 Arctio-

376 4377 482 4448 chiom)
504 4395 639 4448 quemnam
657 4396 761 4434 sensum
779 4379 899 4442 haheant,
915 4377 957 4432 alii
971 4377 1089 4431 viderint.
1109 4377 1286 4448 Distinguitne
1303 4379 1397 4433 auctor
1415 4377 1485 4432 inter

375 4470 465 4523 nrhcm
479 4469 589 4543 ejusque
601 4471 710 4541 agrum?
730 4471 776 4526 Vix
790 4469 927 4524 eredimus.
946 4470 1032 4535 Quare
1046 4486 1116 4534 nero,
1133 4469 1155 4524 si
1168 4467 1237 4522 istud
1251 4467 1386 4532 statueris,
1403 4485 1484 4543 pravo

376 4561 467 4616 ordine
480 4566 543 4634 post
555 4563 715 4617 Antiochiam
730 4561 830 4617 addidit
842 4561 1016 4616 Laodiceam?
