3130 5078
333 317 501 374 lurcoruru
513 316 547 372 lli
558 331 694 372 nrrsroua
707 331 744 370 an
757 316 847 371 Rara.
861 315 1033 373 Daunnnnu.
1195 306 1269 378 537

96 489 138 560 de
164 487 262 560 rebus
288 487 518 558 ecclesiasticis
543 486 625 556 nulla
651 481 694 558 sit¹
717 481 879 558 attributa'
890 487 1046 569 facultas,
1078 487 1272 558 auctoritate

95 617 232 709 alicujus
251 613 404 709 principis
422 613 576 684 secularis
592 613 661 704 (in)
677 613 1034 707 Constantinopolitano
1050 613 1197 684 Ecclesie
1211 637 1273 684 nec

98 742 257 812 debuerat
275 763 337 810 nec
355 746 509 833 potuerat
529 740 613 832 clegi
633 739 837 820 Patriarcba;
868 741 925 810 sed
953 763 1014 810 nec
1037 741 1146 812 clerici
1166 739 1273 810 Vene-

98 872 231 952 ciarum,
251 871 304 962 qui
324 867 473 940 Ecclesie
490 875 602 938 sancte
616 866 749 961 Sophye
764 891 801 938 sc
816 867 998 939 Canonicos
1018 869 1142 940 electos
1162 869 1274 963 appel-

97 996 184 1076 lant,
208 995 241 1064 in
267 993 380 1064 eadem
403 993 552 1064 Ecclesia
573 995 630 1086 jus
653 985 872 1085 habuerant¹)
898 995 1054 1088 eligendi,
1080 1017 1151 1064 cnm
1177 995 1209 1064 in
1236 1017 1274 1064 ea

98 1145 205 1216 neque
225 1144 284 1215 per
302 1143 373 1204 nos,
394 1145 499 1215 neque
518 1145 578 1214 per
596 1121 724 1214 legatos
743 1127 799 1191 aut
818 1121 987 1214 delegatos
1007 1128 1138 1192 nostros
1156 1122 1276 1192 luerint

101 1247 250 1318 instituti.
278 1247 420 1340 Propter
439 1247 526 1339 qnod
552 1246 744 1318 electionem
770 1249 870 1340 ipsam
896 1246 1120 1319 decommuni
1138 1249 1275 1320 fratrum

98 1383 287 1446 nostorum
310 1374 445 1446 consilio
471 1375 652 1445 curavimus
671 1377 701 1444 in
721 1375 850 1468 publico
871 1377 1066 1446 consistorio
1092 1376 1274 1470 reprobari.

99 1503 219 1574 Vernru
239 1525 310 1572 cum
334 1525 547 1596 personarum
567 1501 718 1573 delictum
737 1502 768 1571 in
789 1501 959 1594 dampnum
973 1501 1192 1573 Ecclesiarnm
1212 1526 1277 1573 non

99 1629 218 1700 debeat
231 1627 426 1712 redundare,
446 1649 508 1698 nec
526 1629 611 1698 idem
630 1627 850 1700 subdiaconus
858 1619 889 1718 ²)
907 1628 940 1697 in
954 1627 1060 1720 aliquo
1076 1628 1276 1720 deliquisset,

98 1763 214 1850 utpote
243 1757 296 1847 qui
324 1754 443 1824 absens
470 1755 577 1825 tuerat
606 1761 639 1824 ct
665 1753 873 1846 inrequisitus
881 1746 913 1844 ³)
942 1755 1083 1834 electus,
1118 1777 1278 1826 memores

100 1903 233 1977 precum
251 1881 351 1951 Ducis
370 1880 524 1974 predicti,
546 1903 608 1973 qne
626 1903 691 1951 non
710 1881 813 1952 solum
839 1881 1026 1962 utilitatem,
1054 1905 1163 1953 rerum
1183 1885 1279 1955 etiam

102 2007 351 2078 neccessitatem
369 2006 504 2076 innuere
523 2006 725 2090 ridebantur,
752 2013 786 2077 et
805 2007 907 2078 eidem
926 2007 1093 2092 Ecclesie,
1120 2009 1214 2101 cujus
1239 2009 1280 2080 ad

101 2157 162 2204 nos
182 2133 342 2204 ordinatio
362 2133 546 2225 specialiter
563 2133 763 2226 pertinebat,
783 2133 955 2228 providere
975 2134 1140 2219 volentes,
1160 2160 1199 2207 ac
1218 2136 1279 2206 sub

101 2285 139 2332 ea
155 2284 213 2354 spe
227 2259 358 2329 Venetis
378 2260 515 2352 gratiam
530 2258 695 2342 exhibere,
716 2267 752 2331 ut
770 2261 812 2330 ad
828 2259 1018 2353 obsequium
1033 2263 1140 2332 crucis
1158 2261 1279 2333 Christi

101 2387 219 2460 fortius
251 2388 481 2478 accingantur:
520 2408 558 2455 er
592 2385 710 2456 collata
748 2386 842 2457 nobis
874 2387 1074 2480 plenitudine
1108 2389 1279 2481 potestatis

103 2515 240 2586 eundem
259 2505 531 2604 subdecanum)
556 2520 704 2584 nostrum
723 2521 885 2606 tamquam
904 2513 1082 2584 membrum
1102 2514 1280 2606 apostolice

104 2642 199 2712 Sedis
213 2641 381 2734 elegimus,
401 2649 435 2710 et
453 2641 678 2712 confirmamus
698 2641 801 2711 eidem
822 2642 978 2714 Ecclesia
996 2639 1226 2712 Patriareham.

194 2769 344 2839 Ceterum
364 2769 437 2861 quia
457 2769 541 2838 inter
560 2770 789 2861 lrnperatorem
804 2771 872 2860 jam
892 2768 1012 2838 dictum
1032 2775 1065 2838 et
1084 2769 1279 2861 peregrinos

105 2921 143 2968 ex
156 2920 219 2967 nna
233 2903 336 2989 parte,
358 2921 397 2966 ac
411 2895 533 2966 Ducem
550 2902 583 2965 et
598 2894 741 2965 Venetos
760 2919 798 2964 cx
818 2895 919 2965 altera
939 2895 1092 2986 quasdam
1112 2895 1281 2986 pactiones

104 3026 204 3096 inisse
232 3024 337 3095 unitas
365 3029 399 3092 ct
422 3023 608 3114 juramento
634 3022 795 3106 firmatas,
825 3023 856 3091 in
881 3023 1004 3115 scripto
1031 3021 1281 3092 conventionum

104 3153 261 3245 ipsarum,
280 3150 488 3244 Imperatoris
507 3157 540 3219 et
558 3149 777 3242 predictorum
796 3147 991 3218 marchionis
1012 3157 1044 3216 et
1063 3147 1227 3218 Blescnsis
1249 3154 1282 3217 et

97 3244 208 3350 'sancti
227 3277 316 3348 Pauli
335 3278 487 3347 comitum
508 3276 620 3370 sigillis
641 3277 780 3356 munito,
806 3275 894 3369 quod
914 3299 1024 3346 coram
1044 3275 1136 3346 nobis
1154 3274 1281 3368 perlegi

103 3406 250 3488 lecimus,
269 3405 489 3499 perspeximus
504 3404 673 3485 contineri,
692 3426 752 3494 per
766 3424 857 3494 quas,
877 3404 903 3470 si
918 3401 1051 3471 firmiter
1064 3407 1282 3483 servarentur,

107 3531 463 3624 Constantinopolitana
484 3530 631 3600 Ecclesia
653 3553 716 3600 non
743 3529 902 3599 modicum
928 3529 1103 3611 lederetur,
1131 3535 1164 3598 et
1183 3528 1283 3597 dero-

104 3669 242 3755 garetur
261 3659 450 3754 apostolicas
471 3658 630 3750 dignitati,
658 3681 730 3727 cum
750 3663 847 3750 caput
867 3681 982 3751 expers
1003 3680 1076 3727 ease
1095 3679 1160 3726 non
1179 3657 1285 3750 possit

107 3789 231 3861 doloris
263 3789 496 3869 membrorum,
529 3808 591 3854 nec
623 3785 708 3854 idern
731 3778 901 3877 dolere⁵),
933 3787 1009 3878 quin
1041 3785 1284 3878 compaciantur

105 3910 180 4008 el⁵)
210 3915 371 3998 membra,
404 3937 465 3983 nos
492 3912 597 3982 cidem
625 3911 790 3995 Bedesis,
830 3913 915 3982 sicut
942 3917 1101 3994 tenemur,
1136 3911 1282 3982 volentes

103 4044 244 4126 adesse,
304 4041 593 4135 supplicationem,
654 4061 748 4132 quam
793 4063 853 4132 pro
906 4037 1028 4108 eisdem
1078 4038 1285 4131 pactionibus

105 4233 130 4240 ..-
155 4227 397 4237 -.—--—------
420 4226 426 4233 ι

131 4343 159 4416 ¹)
179 4343 345 4396 trabebant
364 4341 417 4393 Bal.
748 4337 776 4410 ι)
797 4339 968 4392 subditum
988 4339 1036 4390 LP.

129 4435 158 4506 ²)
182 4433 337 4488 subditus
357 4433 407 4486 LP.
747 4430 774 4502 ⁵)
795 4431 916 4483 dolore
935 4431 1103 4482 ltalctmss.

130 4523 159 4598 ⁸)
180 4523 667 4595 Sicbl'.;requisltslctrellmss.
745 4519 774 4592 ⁰)
795 4521 893 4574 etiam
914 4521 961 4573 LP.
