3120 5078
286 345 364 418 308
567 359 661 412 hcm!
673 357 836 412 sznrtrmm
850 375 903 412 m
916 360 1047 415 FRANCOS
1062 377 1192 416 nvnnsrc.

282 526 475 608 Parisiensi;
497 533 531 598 ct
544 535 617 600 erat
631 527 714 598 adeo
735 529 884 613 strictus,
904 536 941 600 ut
959 536 1029 601 tres
1049 531 1177 624 equites
1193 533 1301 624 juncti
1322 532 1482 603 lateribus

285 653 379 724 simul
393 653 442 723 vix
457 677 517 748 per
531 655 618 726 illum
630 661 770 748 possent
788 657 943 726 transire.
967 655 1065 726 Vadis
1080 657 1251 750 profundis
1267 657 1484 730 existentibus

282 803 349 850 non
368 787 559 873 poteramus
579 781 660 852 alias
680 783 838 866 transire,
867 783 928 851 nisi
947 783 1080 854 multam
1099 784 1284 854 laceremus
1304 791 1483 854 torsuram.

281 906 415 977 Slvere
436 930 454 978 a
473 914 590 979 nostro
610 908 742 1002 navigio
762 908 864 1002 longe
887 909 1100 994 distaremus,
1128 911 1273 982 sortasse
1299 910 1484 1004 periculum

281 1055 437 1126 magnum
455 1035 708 1106 incurrissemus
728 1042 762 1106 et
782 1035 944 1107 damnum.

371 1159 453 1230 (lum
471 1161 732 1253 pervenissemus
751 1162 792 1232 ad
811 1168 945 1255 pontem
965 1162 1082 1255 ipsum,
1109 1162 1169 1232 llei
1189 1163 1360 1257 patientia,
1387 1161 1478 1232 nullo

280 1285 453 1370 obstante,
481 1287 707 1369 transivimus,
736 1293 771 1357 et
796 1287 1018 1379 procedentes
1044 1288 1189 1358 tentoria
1215 1295 1331 1359 nostra
1351 1289 1478 1358 fiximus

280 1411 368 1480 inter
387 1410 543 1503 palatium
562 1411 774 1504 Imperatoris
794 1419 829 1482 et
846 1412 1001 1506 palatium
1021 1412 1193 1484 trocmund
1201 1406 1251 1504 ¹);
1277 1414 1380 1484 etsie
1401 1437 1482 1506 pro-

278 1537 504 1630 pinquavimus
520 1537 688 1630 palatium,
705 1539 794 1631 quod
809 1537 992 1610 Blacherna
1008 1539 1145 1620 dicitur;
1160 1533 1239 1629 ita²)
1254 1539 1342 1632 quud
1358 1539 1482 1631 sagitte

278 1669 395 1733 nostre
410 1664 572 1736 cadebant
591 1686 691 1758 super
703 1663 858 1756 palatium
874 1671 908 1735 et
921 1658 1043 1756 intra³)
1058 1663 1212 1758 palatium
1226 1687 1287 1758 per
1298 1665 1480 1746 fenestras,

278 1795 312 1860 et
326 1793 449 1884 sagitte
465 1793 649 1864 Grecorum
664 1815 764 1884 super
783 1792 926 1862 tentoria
946 1797 1072 1862 nostra.
1095 1789 1166 1862 Hoc
1185 1791 1275 1864 facto
1295 1793 1480 1862 exercitum

275 1923 426 1988 nostrum
460 1917 679 1988 conclusimus
708 1918 837 2012 grossis
866 1917 964 2010 palis,
1003 1924 1037 1988 et
1064 1917 1350 1988 circumcinximus
1376 1917 1476 1987 liciis.

365 2043 491 2114 Deinde
519 2043 739 2116 instrumenta
766 2047 881 2115 nostra
908 2043 1026 2115 bellica
1056 2049 1090 2114 et
1120 2043 1282 2136 petrarias
1311 2044 1477 2114 ereximus

276 2177 353 2240 ante
373 2193 497 2240 muros.

365 2295 439 2366 Dux
466 2293 602 2364 Venetie
630 2317 710 2364 vero
738 2316 840 2386 super
866 2292 1045 2386 quamlibet
1079 2293 1184 2364 navim
1213 2291 1402 2363 construxit
1430 2293 1477 2364 dc

274 2419 424 2492 antennis
443 2426 577 2513 pontem
596 2417 801 2502 altissimum,
820 2419 854 2488 in
873 2417 1044 2490 altitudine
1063 2419 1138 2490 100
1154 2418 1257 2512 pedes
1271 2417 1470 2500 habentem

273 2553 308 2618 ct
336 2569 436 2640 super
467 2545 645 2640 quemlibet
678 2552 812 2638 pontem
844 2551 1001 2638 poterant
1028 2547 1078 2615 ire
1104 2551 1247 2640 quatuor
1281 2545 1402 2614 milites
1431 2546 1474 2616 de

271 2673 393 2744 lrcnte.
421 2675 581 2744 Preterea
601 2669 735 2764 quilibet
758 2670 888 2741 userius
913 2663 1195 2764 mangonellum)
1214 2693 1309 2741 suum
1327 2669 1476 2742 habebat

275 2805 434 2870 erectum.

361 2926 446 2995 Dum
473 2929 581 2993 autern
606 2921 668 2992 hec
693 2921 828 3006 fierent,
856 2923 955 2994 Greci
979 2922 1073 2992 nobis
1092 2922 1177 3017 pede
1198 2929 1232 2993 et
1251 2944 1337 3016 equo
1356 2921 1474 3016 plnres

270 3053 431 3123 instanter
451 3051 603 3121 lecerunt
627 3047 783 3131 insultus3
811 3071 925 3120 verum
944 3073 1044 3143 super
1061 3049 1140 3133 hoe,
1160 3071 1257 3144 quam
1275 3071 1352 3132 nos,
1374 3049 1470 3122 dete-

269 3181 338 3250 rius
357 3178 553 3248 babuerunt.

360 3305 509 3395 Quadam
534 3303 587 3373 die
615 3303 750 3373 maxima
776 3301 912 3372 militum
930 3301 1124 3385 multitudo,
1151 3301 1192 3372 dc
1211 3301 1350 3394 quadam
1369 3309 1473 3394 porta

270 3433 460 3502 catervatim
486 3429 682 3524 egrediens,
712 3450 775 3522 que
802 3433 899 3521 porta
923 3434 1017 3520 patet
1034 3451 1054 3497 a
1072 3427 1208 3498 dextera
1226 3434 1322 3520 parte
1341 3427 1471 3520 palatii,

269 3559 420 3651 superius
446 3556 564 3640 exiliit,
593 3562 629 3626 et
653 3575 714 3624 nos
740 3553 933 3646 provocarit
958 3553 999 3622 ad
1021 3574 1122 3621 arma.
1154 3552 1247 3637 Quos
1267 3553 1371 3622 nostri
1392 3575 1472 3624 curn

266 3685 392 3776 ingenti
416 3684 539 3777 impetu
565 3688 599 3751 et
623 3682 702 3750 lorti
729 3680 885 3750 audacter
908 3679 1114 3771 repulerunt;
1141 3671 1239 3769 ier),
1267 3677 1353 3770 quod
1374 3681 1472 3752 multi

267 3831 393 3892 eorum,
409 3809 513 3878 altero
525 3807 662 3877 alterum
673 3806 869 3888 inculcante,
887 3805 1128 3875 corrueruntin
1139 3803 1261 3872 fossas.
1282 3803 1471 3897 intorques

264 3933 347 4005 lilius
364 3935 464 4004 Ducis
479 3933 520 4003 de
533 3931 742 4025 Ducatosll,
763 3933 818 4024 qui
836 3933 923 4000 inter
939 3928 1324 4022 constantinopolitanos
1343 3929 1470 4002 fortior

267 4065 300 4130 et
319 4060 465 4153 pulcrior
484 4058 668 4143 dicebatur,
689 4081 764 4128 cum
784 4057 854 4127 aliis
874 4056 1068 4150 quibusdam
1087 4061 1256 4150 peremtus
1276 4061 1339 4124 est.

914 4349 945 4424 l)
965 4351 1151 4406 machinam
1169 4351 1355 4408 murus-iam.

915 4443 943 4515 ⁸)
963 4445 1011 4496 ita
1030 4442 1137 4496 om.Fr.
