3130 5082
291 343 367 420 138
672 357 780 414 nausa
795 360 921 414 Assaria
935 373 1097 412 concassro.

376 528 558 599 innomine
573 529 694 600 domini
709 529 762 600 dei
778 536 812 600 et
823 529 996 600 salvatoris
1010 528 1116 599 nostri
1134 526 1212 598 iesu
1228 525 1363 597 Christi.
1384 525 1476 596 Auno

288 653 458 724 millesimo
478 657 658 726 centesimo
685 657 954 750 quinquagesimo
982 655 1140 748 septimo,
1169 653 1290 724 mensis
1309 650 1476 732 Octobris,
1551 671 1553 684 ¹

287 781 463 852 indictione
482 789 586 866 sexta,
611 783 876 853 Consuarrmorour.

378 908 428 979 Ne
456 909 555 988 torte,
584 910 674 1001 quod
702 909 915 992 conceditur,
954 908 1125 978 oblivionis
1153 929 1269 978 errore
1298 905 1478 987 fraudetur,

287 1034 420 1127 expedit
438 1035 602 1128 scripture
622 1036 810 1105 testimonio
836 1036 1036 1117 confirmari,
1064 1057 1105 1104 ue
1128 1033 1333 1127 inposterum
1359 1030 1479 1125 aliquid

287 1162 456 1232 dissidium
474 1161 525 1232 vel
551 1161 741 1233 scandulum
760 1161 877 1234 exinde
895 1161 1001 1232 valeat
1020 1161 1110 1230 oriri.
1140 1159 1329 1251 lgitur‘ego
1350 1159 1480 1252 quidem

288 1287 377 1381 Ugo,
393 1289 494 1359 abbas
515 1289 706 1358 monasterii
724 1312 752 1358 s.
772 1287 894 1358 Mariae
913 1288 944 1356 in
966 1285 1190 1378 Adrianopoli,
1211 1307 1251 1355 ac
1270 1286 1376 1356 omnis
1396 1307 1479 1356 eon-

287 1421 404 1485 ventus
418 1416 478 1485 sub
494 1415 545 1484 dei
563 1421 597 1484 et
614 1437 688 1485 meo
706 1415 866 1506 regimine
887 1413 1050 1507 degentes
1067 1414 1099 1481 in
1118 1414 1249 1507 pretato
1265 1413 1481 1493 monasterio,

288 1561 363 1611 oum
382 1542 504 1612 nostris
523 1540 773 1612 suecessoribus
799 1539 914 1610 damus
932 1547 1030 1631 atque
1048 1539 1261 1609 concedimus
1279 1539 1480 1609 monasterio

288 1691 315 1737 s.
337 1667 475 1761 Georgii
495 1668 536 1740 de
554 1669 718 1750 veneciis,
744 1674 778 1738 et
800 1667 871 1750 tibi,
899 1667 1020 1736 domno
1040 1665 1229 1749 heccardo,
1258 1665 1368 1736 abbati
1387 1667 1480 1758 ejus-

288 1793 362 1866 dem
389 1796 576 1866 monasterii
598 1801 632 1865 ot
656 1801 728 1866 toto
754 1800 811 1865 tuo
839 1793 1013 1864 conventui
1035 1799 1069 1863 et
1087 1793 1205 1864 restris
1230 1791 1480 1864 successoribus

288 1945 385 1994 unam
405 1921 576 1992 eeclesiam
596 1921 636 1992 ad
655 1920 814 1993 honorem
835 1943 862 1990 s.
883 1919 1004 1990 biariae
1022 1919 1198 2002 conditam,
1225 1924 1380 2012 quaeest
1394 1919 1481 2011 juris

287 2048 392 2119 nostri
413 2049 601 2119 monasterii
621 2049 728 2140 posita
743 2045 925 2117 innonisto
942 2047 1173 2138 judaicarum,
1194 2047 1247 2138 qui
1262 2045 1481 2116 diciturFon-

287 2181 366 2267 toga
386 2176 417 2244 iu
436 2197 521 2268 ruga
540 2176 833 2268 Francigcnorum,
852 2173 944 2243 ioras
962 2195 1074 2243 muros
1093 2173 1245 2243 civitatis.

379 2301 470 2372 Hane
497 2323 580 2395 ergo
609 2299 874 2394 predesignatam
903 2299 1089 2380 ecclesiam,
1117 2299 1213 2369 sicuti
1240 2303 1292 2368 est
1316 2297 1424 2388 posita
1450 2295 1480 2363 in

288 2427 417 2520 pretato
442 2426 535 2512 ioco,
562 2425 742 2498 seeundum
764 2425 853 2518 quod
873 2450 891 2496 a
910 2425 1007 2495 nobis
1027 2431 1060 2495 et
1079 2447 1098 2494 a
1117 2423 1241 2494 nostris
1260 2422 1481 2517 predecesso-

289 2555 381 2625 ribus
401 2555 579 2638 dominata,
601 2560 635 2624 ct
652 2575 820 2646 possessa,
847 2559 881 2622 et
899 2557 1027 2622 retenta
1045 2551 1116 2634 tuit,
1143 2557 1176 2620 et
1195 2549 1376 2620 secundum
1395 2547 1483 2642 quod

290 2703 362 2750 eam
383 2679 541 2750 babemus
561 2703 634 2750 eum
655 2681 723 2749 suis
741 2681 892 2750 omnibus
912 2677 1144 2757 mansionibus,
1164 2677 1271 2770 parvis
1291 2683 1325 2746 et
1343 2675 1483 2767 magnis,

289 2807 441 2900 superius
468 2813 501 2877 et
524 2797 677 2889 inferius,
707 2829 779 2875 cum
800 2828 860 2874 suo
880 2805 1051 2898 hospitali,
1081 2809 1207 2873 etcum
1226 2825 1289 2872 suo
1308 2801 1425 2880 horto,
1452 2805 1484 2869 et

286 2956 359 3003 cum
379 2933 529 3003 omnibus
548 2931 683 3002 eartuiis
702 2931 793 3001 noris
822 2937 856 3002 et
876 2929 1059 3010 veteribus,
1087 2929 1202 3000 Grecis
1221 2935 1255 2998 et
1274 2927 1421 3006 Latinis,
1442 2925 1482 2996 ad

290 3059 427 3129 eandem
447 3058 620 3130 ecclesiam
640 3056 891 3151 pertinentibus,
916 3062 1042 3126 etcum
1063 3056 1150 3124 omni
1170 3055 1286 3148 rigore
1306 3059 1340 3122 et
1359 3054 1482 3123 robore

290 3186 332 3256 de
350 3185 586 3278 suprascriptis
606 3183 757 3264 cartulis,
786 3205 849 3253 nec
874 3205 940 3252 non
966 3205 1040 3252 cum
1067 3180 1214 3250 omnibus
1234 3179 1301 3250 suis
1321 3177 1484 3248 babentiis

291 3319 325 3384 et
342 3311 561 3405 pertinentiis,
582 3311 622 3380 ab
642 3311 728 3380 intus
748 3315 783 3401 et
802 3309 895 3391 ioris,
916 3313 993 3379 ante
1012 3313 1046 3377 et
1063 3313 1167 3387 retro,
1188 3313 1315 3377 etcum
1336 3306 1484 3376 omnibus

290 3438 358 3507 suis
372 3437 543 3520 hedificiis,
565 3442 705 3529 quotam
723 3434 838 3504 subtus
849 3441 984 3518 terram,
1005 3455 1100 3526 quam
1115 3453 1215 3526 supra
1229 3441 1352 3504 terram
1367 3432 1485 3502 ibidem

291 3562 409 3633 adesse
428 3569 627 3634 noscuntur:

382 3689 430 3758 lta
445 3711 536 3765 vero,
554 3691 592 3758 ut
611 3687 746 3756 eandem
761 3684 947 3767 ecclesium,
966 3690 1003 3754 ut
1022 3705 1121 3777 supra
1142 3683 1264 3754 dictum
1284 3691 1348 3766 est,
1368 3685 1485 3754 amodo

291 3817 325 3884 iu
353 3820 451 3884 antea
480 3813 648 3907 perpetuis
676 3812 881 3905 temporibus
909 3810 1043 3894 babere,
1072 3812 1230 3894 retinere,
1258 3817 1293 3881 et
1315 3811 1487 3904 possidere

292 3941 452 4011 debeatis.
474 3939 517 4009 nt
532 3963 594 4032 per
607 3941 714 4010 omnia
732 3939 807 4009 inde
826 3961 888 4008 nos
907 3939 989 4008 ioris
1008 3939 1157 4020 iacimus,
1178 3943 1213 4007 et
1229 3940 1261 4006 in
1281 3942 1393 4006 restro
1413 3961 1487 4008 mo·

294 4066 442 4137 nasterio
463 4066 665 4150 refutamus,
695 4072 730 4136 et
757 4066 788 4134 in
818 4071 961 4135 vestram
985 4069 1237 4156 vestrorumque
1256 4085 1489 4150 successorum

292 4195 492 4285 potestatem
519 4213 588 4261 eam
618 4191 731 4261 damus
758 4197 857 4283 atque
885 4197 1125 4260 transactamus
1154 4187 1312 4272 habendi,
1341 4189 1489 4272 tenendi,

293 4318 480 4388 dominandi
496 4323 530 4388 et
548 4324 703 4411 tauquam
716 4341 777 4410 per
789 4316 970 4410 legitimum
985 4315 1218 4386 documentum
1233 4313 1311 4406 jure
1324 4323 1488 4411 perpetuo

292 4442 501 4538 possidendi,
528 4444 654 4536 absque
681 4451 796 4515 nostra
823 4449 857 4512 et
883 4445 1023 4513 omnium
1047 4464 1279 4512 successorum
1298 4448 1489 4514 nostrorum

295 4567 541 4641 contrarietate.
