3120 5078
374 373 594 430 Sasernarum
606 375 781 437 Tnuonanm,
794 391 859 430 com.
872 375 960 430 Tunc.
1180 362 1255 435 359

157 544 368 614 Continentia
393 553 500 617 autem
524 547 743 640 predictarum
768 547 946 618 litterarum
974 546 1047 618 talis
1073 553 1143 630 est,
1168 547 1257 639 quod

64 693 173 763 super
195 670 273 763 hijs,
298 695 360 764 que
375 672 469 743 uobis
484 697 522 743 cx
535 681 628 766 parte
642 673 743 768 ipsius
758 673 952 758 diceremus,
974 675 1079 756 nobis,
1105 681 1257 769 tanquam

64 799 107 880 ei,
122 797 352 868 indubitanter
362 799 553 884 crederetis,
569 802 711 872 scientes
725 825 786 894 pro
797 807 903 884 certo,
919 802 1017 894 quod,
1033 823 1255 895 quascumque

63 924 247 1015 pactiones
275 924 442 997 uobiscum
468 951 508 998 ex
535 933 713 1020 partesue
739 927 960 1010 habuerimus,
981 935 1133 1020 tanquam
1153 928 1180 998 si
1200 951 1257 997 eas

63 1051 97 1120 in
119 1073 271 1142 persona
288 1053 421 1146 propria
438 1053 574 1138 lecerit,
595 1061 682 1124 ratas
701 1053 833 1124 babebit
852 1060 886 1124 et
904 1054 1038 1124 firmiter
1057 1054 1257 1126 obseruabit.

164 1177 203 1246 Si
222 1177 308 1271 quod
335 1181 430 1250 etiarn
456 1187 692 1250 sacramentum
710 1181 742 1250 in
762 1179 890 1250 nomine
911 1181 979 1252 eius
999 1181 1092 1252 uobis
1118 1181 1260 1284 secisse·

67 1327 166 1385 mus,
197 1311 301 1376 ratum
328 1307 469 1389 tenebit,
500 1315 534 1378 et
552 1307 584 1380 in
602 1308 738 1378 animam
757 1329 847 1378 suam
867 1315 901 1378 et
923 1313 1074 1398 tanquam
1094 1331 1112 1378 e
1132 1331 1168 1378 se
1189 1308 1260 1400 ipso

66 1432 208 1506 lactum
219 1433 348 1526 penitus
367 1433 542 1528 reputabit.

166 1558 355 1652 Eapropter
383 1559 472 1632 dedit
506 1560 601 1632 nobis
633 1583 886 1656 paragnmenum
916 1562 979 1632 boc
1008 1583 1162 1643 uacuum,
1200 1582 1261 1629 suo

65 1684 185 1778 sigillo
207 1686 373 1770 munitum,
393 1687 427 1758 in
446 1709 511 1780 quo
530 1688 703 1771 scribetur,
729 1687 911 1781 predictum
925 1687 1082 1764 ,comitem
1102 1693 1209 1758 ratum
1230 1695 1264 1757 et

65 1811 203 1882 firmum
223 1811 358 1895 babere,
378 1813 531 1906 quicquid
549 1837 610 1908 pro
632 1837 672 1884 eo
693 1815 862 1886 uobiscum
882 1821 1113 1884 statueremus.

164 1938 352 2010 Jurauimus
372 1940 469 2011 etiam
492 1963 554 2034 per
573 1965 634 2012 nos
653 1948 687 2012 et
704 1965 805 2034 super
823 1943 958 2012 animam
984 1942 1123 2033 predicti
1142 1939 1263 2011 domini

66 2066 203 2147 nostri,
233 2065 322 2158 quod
341 2089 396 2150 ea,
423 2090 487 2160 que
507 2068 716 2140 continentur
734 2069 950 2140 instrumento
970 2068 1150 2162 pactionis,
1176 2063 1265 2159 quod

68 2191 258 2262 defecimus
293 2193 388 2264 nobis
417 2217 502 2266 anno
531 2193 623 2265 uerbi
657 2195 817 2266 incarnati
845 2194 1012 2266 millesimo
1030 2193 1264 2274 ¹ducentesimo

65 2318 195 2411 primo,
225 2319 378 2413 quodque
407 2320 521 2416 sigdlis
549 2323 673 2392 nostrie
702 2321 913 2404 muniuimus,
945 2322 1072 2392 lirmum
1100 2326 1135 2390 et
1159 2295 1265 2390 ratum

66 2443 253 2516 habebitur
274 2469 335 2540 per
355 2469 446 2532 eum,
480 2455 515 2518 et
532 2449 596 2520 boc
615 2473 676 2542 per
694 2471 730 2519 se
751 2448 880 2530 iurabit,
900 2453 934 2517 et
953 2448 1035 2518 elios
1055 2469 1135 2518 suos
1154 2447 1263 2516 iurare

66 2572 188 2655 faciet,
209 2573 297 2664 quod
318 2575 362 2644 ita
381 2575 444 2644 erit
463 2573 598 2645 firmiter
617 2574 838 2646 obseruatum.

184 2698 304 2770 Actum
324 2699 446 2770 Verrem
469 2702 585 2772 eodem
605 2701 754 2795 predicto
775 2725 873 2786 anno,
894 2723 1005 2772 mense
1023 2701 1154 2794 Aprilis.

636 2845 703 2917 XO.

72 2969 304 3034 Sacra-entur
320 2969 497 3051 theobaldi,
516 2972 631 3034 cenltls
648 2971 800 3034 trecente
817 2975 848 3034 et
864 2969 1007 3054 palntlnl,
1024 2970 1134 3034 lectum
1151 2969 1269 3051 pretato

418 3081 534 3144 lenta·
551 3081 638 3160 buci,
662 3079 784 3143 llcnrlco
800 3079 944 3142 llaadulo.

506 3194 538 3246 Α.
552 3194 578 3245 d.
593 3193 672 3254 1201,
693 3209 725 3244 m.
740 3193 846 3264 Aprilis.

169 3295 263 3360 Liber
290 3295 383 3360 Albus
412 3295 462 3358 tol.
490 3295 644 3358 25--26·.
681 3293 773 3357 Liber
800 3294 956 3357 Paetorum
985 3295 1013 3370 l,
1044 3291 1134 3358 143⁹.
1168 3294 1273 3358 Edidit

76 3407 319 3470 bluratorius
337 3405 374 3468 ad
391 3405 555 3467 chronicon
571 3401 698 3466 Danduli
715 3403 735 3464 1.
753 3423 779 3464 c.
791 3400 829 3486 'p.*
846 3402 911 3465 325
929 3422 973 3486 sq.

169 3535 332 3623 Quoniam
352 3533 562 3605 nobillisimus
583 3533 730 3602 dominus
755 3539 869 3603 noster
888 3533 1098 3603 Theobaldus
1118 3515 1266 3605 Trecen-

73 3667 132 3748 εἰς,
154 3687 269 3756 comes
289 3663 461 3757 palatinus,
481 3661 630 3730 diuinitus
650 3659 825 3753 inspiratus
846 3659 953 3730 crucis
972 3659 1032 3729 sibi
1053 3659 1268 3752 signaculum,

75 3793 280 3863 transiturus
300 3789 331 3857 in
352 3789 515 3859 seruitium
536 3785 665 3868 domini,
686 3785 827 3854 humeris
848 3785 1015 3869 allixisset,
1042 3794 1075 3856 et
1094 3789 1191 3868 sicut,
1220 3790 1273 3880 qui

75 3923 107 3992 in
137 3919 270 3991 cunctis
297 3913 434 4010 provida
466 3911 699 3983 deliberatione
733 3911 902 4006 procedit,
945 3937 1085 4006 pensare
1114 3915 1270 4008 cepisset,

77 4043 249 4141 quomodo
288 4050 398 4112 votum
438 4063 531 4110 suum
573 4039 680 4109 utilius
713 4037 879 4130 adimpleri
915 4047 1048 4133 posset,
1088 4041 1209 4112 decidit
1242 4043 1273 4110 in

78 4175 312 4250 credulitatem
338 4169 427 4261 ejus,
461 4166 548 4260 quod
576 4189 594 4234 a
624 4164 709 4234 nullo
736 4167 883 4259 principe
913 4167 1014 4237 seculi
1041 4176 1157 4260 posset
1184 4175 1274 4238 terre

76 4301 346 4376 lerosolimitane
365 4301 430 4364 tam
449 4293 640 4374 salubriter,
669 4315 763 4383 quam
783 4315 842 4384 per
862 4291 946 4374 Vos,
975 4293 1105 4364 domine
1133 4295 1273 4364 Henrice

82 4427 251 4510 Dandule,
288 4423 341 4492 dei
372 4420 477 4513 gratia
503 4419 662 4498 venemo,
694 4418 852 4488 Dalmatio
879 4427 976 4513 atque
1004 4419 1138 4490 Croatie
1170 4422 1280 4492 inclite

82 4561 174 4642 Dux,
195 4551 382 4624 subveniri:
