3130 5078
445 403 586 459 Baunmur
600 404 698 460 lurae.
711 419 803 460 aruer.
816 421 854 458 so
867 404 965 461 innoc.
978 405 1021 460 lll.
1212 395 1288 469 503

89 597 178 666 quae
200 597 272 645 eum
288 574 493 668 Imperatore
510 597 598 644 novo
615 573 812 668 Graecoque
831 599 893 670 per
912 578 1021 647 omnia
1035 575 1175 648 Graecia
1192 577 1290 650 nobis

90 723 133 769 ex
147 700 283 794 pertidia
299 707 459 772 consueta
472 701 637 772 retribuit.

183 824 254 896 Nos
277 825 447 918 siquidem,
468 849 509 897 ne
531 826 718 898 discordiae
736 827 823 898 iuter
842 851 904 898 nos
924 833 958 900 et
977 831 1123 901 Graecos
1142 829 1289 900 tomitem

89 955 291 1024 ministraret
309 953 455 1024 moribus
474 954 596 1022 reatris
610 953 746 1024 adversa
759 954 941 1038 barbaries,
963 953 1004 1026 de
1019 955 1150 1026 civitate
1165 977 1288 1026 exeun·

88 1087 144 1152 tes
164 1104 203 1150 ex
222 1079 362 1150 adverso
382 1079 522 1150 civitatis
539 1078 757 1170 interJaeente
776 1085 876 1173 portu
891 1079 932 1150 ad
947 1103 1065 1174 preces
1078 1083 1291 1176 Imperatoris

94 1211 206 1278 eastra
223 1206 410 1299 posuimus;
437 1211 472 1275 et
490 1228 529 1274 er
547 1205 717 1298 insperato
736 1227 796 1275 seu
815 1207 926 1276 innata
946 1207 1077 1291 malitia,
1104 1230 1163 1278 seu
1184 1208 1291 1279 Grae-

91 1355 207 1404 corum
227 1331 385 1404 seductus
404 1331 540 1425 perfidia
559 1331 665 1401 animo
684 1331 814 1402 recedit
832 1355 851 1402 a
870 1331 977 1416 nobis,
1003 1334 1056 1403 cui
1075 1339 1166 1404 tanta
1185 1333 1290 1405 bene-

89 1459 164 1530 ficia
178 1458 387 1540 contulimus,
409 1458 603 1551 Imperator,
625 1463 658 1528 et
672 1459 704 1528 in
720 1457 881 1542 omnibns,
900 1479 975 1530 cum
989 1465 1082 1550 patre
1098 1459 1288 1530 Patriarclra

90 1592 126 1656 et
154 1585 241 1656 mole
270 1583 443 1666 nobilium,
481 1581 578 1654 nobis
615 1583 785 1676 promissis
816 1586 970 1676 perjurus
1002 1591 1036 1654 et
1067 1585 1204 1656 mendax
1236 1591 1288 1655 tot

90 1713 231 1783 incurrit
252 1711 409 1804 perjuria,
434 1715 516 1801 quot
534 1707 628 1778 nobis
646 1709 811 1802 praestitit
824 1709 1024 1802 juramenta.
1056 1707 1148 1781 Unde
1167 1716 1285 1782 nostro

88 1837 222 1908 tandem
237 1837 413 1908 destitutus
433 1833 550 1906 auxilio
564 1833 688 1927 praelia
704 1841 820 1906 contra
834 1857 897 1905 nos
915 1834 1090 1906 meditatur
1107 1837 1284 1919 incassum,

90 1969 126 2033 et
145 1963 283 2056 navigii,
311 1962 400 2055 quod
426 1983 499 2032 eum
527 1958 708 2032 adduxerat
737 1967 772 2030 et
793 1960 1023 2032 sublimaverat
1047 1961 1089 2031 ad
1115 1983 1286 2045 eoronam,

88 2095 250 2183 procurat
274 2087 442 2169 incendia;
467 2086 526 2156 sed
550 2092 630 2156 voto
654 2091 722 2156 tam
745 2087 871 2158 crudeli
890 2086 963 2157 Deo
992 2109 1057 2157 non
1085 2091 1285 2179 protegente

88 2215 273 2286 fraudatur.
295 2215 349 2284 Fit
362 2237 442 2307 pars
457 2237 516 2284 sua
531 2235 593 2306 per
607 2219 726 2284 cuncta
742 2211 899 2295 deterior,
920 2219 954 2284 et
971 2211 1138 2283 hominum
1152 2235 1288 2284 suorum

89 2341 232 2422 caedes,
262 2339 413 2410 incendia
437 2347 471 2410 et
496 2339 630 2431 rapinae
648 2339 855 2430 proveniunt.
876 2338 1066 2409 imminente
1080 2339 1162 2409 ioris
1176 2361 1290 2434 pugna

1 2547 2 2550 Ἴ
92 2468 182 2537 intus
200 2465 373 2538 timoribus
392 2470 593 2546 coarctatur,
614 2464 848 2556 Imperatorem
869 2465 897 2534 ei
917 2465 1077 2536 aemulum
1095 2464 1288 2558 parantibus

92 2591 243 2675 Graecis,
264 2615 302 2662 ea
317 2594 493 2663 occasione
509 2596 651 2684 captata,
673 2590 762 2683 quod
776 2589 899 2660 nullum
914 2591 955 2661 ad
970 2591 1120 2662 auxilium
1139 2595 1291 2662 nostrum

94 2717 233 2788 deberet
251 2716 375 2789 labere
394 2717 596 2810 coniugium.

185 2845 332 2937 Cumque
363 2845 469 2915 eidem
491 2841 662 2913 «evadendi
699 2864 777 2934 spes
815 2843 910 2912 unica
943 2847 1090 2914 restaret
1117 2842 1149 2912 in
1177 2841 1288 2927 nobis,

86 2973 236 3064 juratam
256 2970 317 3040 sibi
338 2969 527 3061 quemdam,
555 2967 750 3040 Marcellum
773 2968 920 3051 nomine,
947 2969 1107 3062 sanguine
1125 2967 1187 3038 sibi
1206 2991 1288 3062 pro-

92 3097 265 3192 pinquum,
301 3097 343 3168 de
372 3119 437 3190 quo
466 3118 527 3188 pro
557 3093 724 3165 beneficiis
752 3095 908 3187 impensis
935 3117 1038 3186 super
1063 3117 1177 3165 omnes
1207 3093 1291 3164 alios

93 3223 293 3304 confidebat,
314 3224 414 3292 mittit
427 3222 470 3293 ad
486 3221 663 3292 exercitum
678 3226 839 3302 nostrum,
860 3221 914 3312 qui
935 3220 1117 3292 Blakernae
1136 3218 1291 3313 palatium

93 3348 191 3418 uobis
216 3349 277 3419 sub
303 3349 512 3440 Imperatoris
540 3353 574 3418 et
597 3371 657 3418 suo
672 3347 862 3438 juramento
881 3347 1043 3439 promittit
1061 3347 1093 3415 iu
1114 3345 1290 3428 obsidium,

94 3475 205 3545 donee
229 3475 325 3546 nobis
354 3479 470 3546 cuneta
492 3474 655 3567 promissa
680 3473 872 3544 reddantur.
902 3474 1041 3545 Accedit
1064 3473 1106 3543 ad
1134 3471 1290 3565 palatium

95 3601 319 3695 recipiendum
338 3600 457 3672 nobilis
476 3599 642 3683 Marchio;
660 3599 766 3670 illudit
784 3599 915 3670 Alexius
934 3598 1127 3682 Marchioni,
1155 3605 1189 3668 et
1208 3619 1292 3690 quos

92 3727 163 3819 jam
192 3728 287 3797 nohis
312 3727 468 3810 dederat,
498 3727 619 3818 spretis
648 3725 834 3808 obsidibus,
864 3731 1024 3797 consueta
1051 3725 1198 3819 perjuria
1226 3745 1293 3794 non

98 3861 244 3924 veretur.
285 3853 394 3924 Nocte
426 3855 575 3925 insecuta
603 3853 796 3934 Marcullus,
829 3853 962 3924 domino
989 3874 1049 3922 suo
1075 3850 1230 3944 perjurus
1259 3855 1293 3919 et

95 3980 210 4062 nobis,
237 3980 373 4050 Graecis
397 3977 555 4050 reddendi
582 3978 675 4048 nobis
701 3979 810 4072 palatii
830 3977 954 4050 revelat
973 3999 1106 4061 areana,
1133 3983 1232 4069 atque
1252 4000 1292 4045 er

94 4107 162 4176 hoc
181 4107 213 4175 in
232 4112 425 4198 perpetuum
446 4105 494 4176 eis
514 4105 595 4198 eripi
614 4105 812 4187 libertatem,
833 4111 867 4176 et
885 4103 927 4175 ad
945 4104 1009 4176 hoc
1024 4104 1129 4174 modis
1142 4102 1293 4174 omnibus

94 4231 288 4302 veniendum
307 4255 383 4302 esse
402 4231 559 4314 declarat,
578 4232 639 4301 nisi
655 4230 827 4322 dejiciatur
840 4231 983 4302 Alexius.
1005 4231 1108 4322 Cujus
1126 4228 1292 4322 proditio-

93 4357 144 4426 nis
171 4357 288 4426 merilu
313 4357 430 4427 tertius
459 4357 492 4426 in
518 4355 600 4427 urbe
629 4355 812 4450 imperator
846 4357 1023 4438 attollitur;
1059 4357 1091 4424 in
1125 4353 1291 4424 dominum

96 4481 314 4554 dormientem
343 4487 376 4551 et
402 4483 449 4552 rei
477 4483 623 4552 nescium
652 4482 833 4575 sacrilegas
862 4483 959 4552 mittit
988 4503 1122 4564 manos,
1151 4501 1293 4572 eumque

96 4631 232 4680 earcere
250 4583 338 4679 tetro
359 4607 573 4691 concludens,
594 4609 728 4678 tertium
742 4607 911 4680 Nicolaum
927 4607 1110 4702 quemdam,
1129 4607 1184 4700 qui
1204 4607 1291 4700 apud
