3148 5080
208 374 452 432 CHRYSOBUBUUH
465 393 541 432 llffl’·
555 393 657 432 omo·
670 393 708 432 ΒΙ
721 391 932 434 LIBHTA'HBUS
946 391 1072 432 ΙΒΙῦΑΤ·
1086 375 1159 432 Vnt.
1232 366 1281 438 37

178 545 256 618 Non
288 549 394 618 solum
426 547 677 640 rogationibus,
711 571 783 642 quc
816 549 878 620 sub
916 571 1011 620 manu
1049 555 1163 620 nostra
1194 553 1282 632 sunt,

89 673 249 744 obaudire
273 674 662 745 misericordiosissimum
696 681 730 744 et
761 673 923 745 laudabile
951 682 1020 758 est,
1050 677 1110 747 sed
1139 677 1223 747 enim
1252 679 1285 744 et

89 805 267 872 extraneos
296 797 543 892 (extranciai)
572 807 605 872 et
629 801 814 895 pertinente
840 800 972 896 publico
997 803 1156 874 obaudire
1179 825 1284 895 rogn-

90 931 143 996 tur
174 951 253 1000 cum
285 929 490 1023 providentia
524 925 594 1021 (ct)
626 929 768 1022 pietate;
811 929 953 1024 indeque
990 929 1075 1000 enim
1112 937 1146 1000 et
1180 930 1285 1024 pietas

89 1053 295 1125 sufficienter
321 1055 363 1125 ad
390 1055 551 1126 miseriam
577 1055 738 1149 propitius
768 1053 989 1150 (propitioi)
1020 1055 1284 1136 demonstretur;

88 1177 299 1274 lonquimque
331 1181 550 1278 (lonpiupoe)
584 1183 705 1254 etenim
741 1205 815 1253 oum
848 1183 969 1276 pictate
1001 1181 1156 1277 imperiali
1191 1181 1288 1253 detur

6 1399 7 1402 Ἴ
90 1307 301 1401 significatio.

159 1435 190 1506 Α
209 1458 276 1530 qua
294 1435 336 1528 (1.
358 1461 380 1506 a
397 1459 461 1532 pon
480 1461 508 1508 s.
529 1433 642 1531 oque)
668 1435 753 1505 enim
773 1439 807 1506 et
825 1434 897 1504 Dux
906 1433 1150 1518 veneticorum,
1165 1440 1213 1520 ‚et
1232 1433 1287 1528 qui

90 1558 149 1629 suh
169 1560 228 1630 illo
248 1567 313 1644 est,
333 1567 459 1632 etcum
478 1561 583 1631 omnis
611 1559 715 1654 plebis
742 1559 981 1631 intercessione
1009 1583 1084 1632 cum
1109 1559 1286 1656 praecatio-

90 1707 163 1755 nem
178 1687 221 1758 ad
236 1693 385 1758 nostrum
398 1688 550 1760 fecerunt
568 1687 760 1780 Imperium,
778 1693 815 1757 ut
828 1687 1049 1780 unusquisque
1072 1687 1177 1782 (per)
1193 1707 1288 1757 snum

6 1805 7 1812 '
90 1813 259 1898 narilium,
280 1815 369 1908 quod
389 1815 507 1885 desua
526 1813 713 1908 provincia,
744 1813 803 1883 sed
824 1814 907 1884 cuim
929 1821 963 1885 et
981 1815 1021 1885 ab
1040 1813 1103 1886 alia
1121 1815 1288 1910 prouincia
1352 1900 1356 1906 .

91 1945 124 2009 ct
142 1941 277 2012 civitate
297 1963 371 2012 cum
387 1941 523 2035 negotio
543 1938 718 2022 veniendo,
739 1939 817 2010 nihil
831 1939 919 2012 aliud
931 1939 1067 2024 donare,
1087 1940 1147 2012 sed
1162 1940 1288 2012 solidos

95 2065 177 2138 duos
199 2067 371 2149 dicebant;
398 2069 516 2140 etenim
535 2067 576 2139 ab
590 2065 748 2138 hactenus
774 2072 897 2138 tantum
917 2067 1043 2138 donare
1063 2069 1287 2160 quantitatem.

95 2193 240 2266 ntideo
276 2195 396 2266 multos
435 2193 715 2266 commeschabios
745 2193 1109 2285 (termemeno)
1143 2194 1290 2264 interro·

94 2327 227 2415 gentes,
246 2322 411 2394 inuentum
429 2327 482 2393 est
500 2321 618 2416 magis,
639 2343 710 2414 quae
730 2327 767 2392 ut
786 2319 944 2416 (quodi)
963 2321 1036 2415 plus
1052 2321 1094 2390 de
1111 2321 1160 2391 30
1177 2319 1291 2390 solidis

96 2448 217 2520 dabant
236 2449 458 2543 unusquisque
477 2447 619 2544 (proi)
643 2447 774 2542 navigio
799 2444 852 2540 [a]
878 2446 941 2518 deo
966 2454 1127 2520 coronato
1150 2447 1290 2541 Imperio

95 2583 212 2648 nostro
222 2569 265 2669 ¹).

184 2703 293 2775 Unum
313 2703 410 2787 enim,
429 2725 449 2773 a
468 2723 533 2797 quo
554 2707 588 2772 ct
607 2701 866 2775 christianorum
887 2723 970 2795 gens
988 2701 1110 2784 tiendo,
1139 2708 1172 2772 et
1195 2699 1294 2770 deum

6 2863 7 2866 ¹
97 2831 268 2902 nobiscum
286 2831 363 2914 tide,
392 2829 488 2900 alium
507 2827 657 2922 aut(em)
677 2851 737 2924 pro
757 2830 993 2923 promissione,
1024 2851 1098 2924 qum
1117 2829 1293 2922 antiquitus

97 2957 265 3040 iecerunt,
294 2963 332 3028 ut
356 2979 423 3028 non
449 2955 555 3028 solum
574 2955 616 3028 ad
635 2958 695 3028 ista
723 2955 826 3047 de(o)
853 2955 928 3028 data
948 2951 1143 3027 conseriata
1161 2954 1293 3026 civitate

94 3085 267 3169 inventuri,
286 3083 465 3156 secundum
485 3083 633 3176 antiquas
648 3081 904 3154 consuetudines
918 3105 992 3154 cum
1006 3087 1158 3176 prompta
1172 3080 1291 3154 volun-

6 3179 8 3216 !
95 3217 158 3282 tate
177 3211 358 3282 indefessis
378 3212 530 3294 servitiis,
551 3216 585 3281 ct
603 3211 741 3281 forsitan
761 3208 925 3280 ambulant
943 3215 1091 3279 nostrum
1117 3207 1290 3301 Imperium

95 3337 124 3406 in
137 3337 453 3432 Lougombardiam,
470 3336 615 3431 dirigere
630 3336 713 3406 illius
728 3335 959 3424 karicationcs,
980 3357 1120 3430 operare
1134 3357 1208 3406 cum
1222 3333 1291 3402 suis

97 3466 250 3560 navigiis,
281 3471 315 3535 et
342 3464 461 3536 ordiam
489 3465 697 3535 occasionem
725 3468 781 3534 aut
811 3463 999 3534 memoriam
1027 3461 1059 3532 in
1089 3461 1153 3534 isto
1179 3460 1293 3532 iacere

96 3591 240 3662 servitio.

160 3717 265 3792 'ldeo
286 3719 470 3790 ‘exaudiunt
498 3740 613 3788 eorum
642 3715 909 3810 deprecationem
938 3723 972 3789 et
994 3718 1093 3811 jussu
1117 3739 1177 3812 per
1196 3715 1294 3788 istum

95 3869 186 3916 suurn
215 3845 460 3930 consonatum,
495 3853 532 3916 ut
558 3844 781 3937 unnsquisque
810 3837 957 3939 (μεθ’)
989 3867 1083 3915 suum
1114 3843 1292 3938 nauigium,

95 3972 181 4066 quod
202 3995 242 4043 ex
260 3971 399 4044 Venetia
419 3978 452 4043 et
471 3973 510 4044 ab
530 3971 601 4042 aliis
619 3971 766 4066 partibus
785 3972 913 4042 veniret
940 3993 1014 4042 cum
1040 3971 1108 4042 suis
1137 3970 1294 4064 negotiis,

6 4143 12 4160 ·
96 4099 169 4170 nihil
189 4099 279 4172 aliud
295 4099 420 4172 donare
438 4099 481 4172 ad
500 4099 606 4195 ipsum
624 4098 790 4194 publicum
808 4121 870 4192 pro
892 4097 1095 4172 karicatione
1121 4096 1163 4168 de
1185 4096 1293 4169 Abido

124 4398 150 4474 ¹)
164 4401 285 4458 Herio.
307 4400 354 4472 qui
374 4400 443 4454 hunc
465 4399 553 4454 iocrun
574 4398 731 4470 exscripsit:
751 4401 859 4472 magis
876 4413 971 4469 quum
989 4397 1141 4469 triginta
1163 4395 1296 4452 solidos

168 4493 276 4547 dabat
297 4488 740 4560 nnnerigiliusrdcio.

6 4589 8 4622 ¹
120 4580 147 4654 ²)
165 4600 228 4655 per
241 4579 318 4636 rodit
331 4579 422 4635 Murio.
