3130 5082
302 332 375 406 106
671 345 789 401 Puerum
802 346 1100 402 Jnsrruoronrrnnnu.

386 516 473 588 Sane
491 517 663 590 stabilitum
683 524 734 589 est
751 518 837 588 inter
855 541 933 603 nos,
954 518 1058 612 quod,
1084 517 1352 611 quandocumque
1371 515 1482 586 Vene-
1557 495 1559 572 l

296 641 357 711 tias
377 643 573 716 mandaverit
591 644 771 738 quindecim
796 644 924 740 galeas,
950 651 983 716 et
1001 645 1095 739 nobis
1121 645 1320 716 notificatum
1343 645 1483 715 iberita

298 767 389 840 Duce
416 769 638 856 Venetiarum,
667 773 755 866 quod
783 796 843 844 nos
872 773 1029 845 debemus
1057 774 1167 844 venire
1192 773 1224 844 in
1251 771 1421 856 venetias,
1450 777 1485 843 et

296 899 444 993 recipere
471 921 565 970 unam
592 898 718 994 galeam
746 902 955 984 sarcinatum,
984 902 1011 970 si
1038 899 1122 972 illam
1150 901 1244 972 nobis
1270 900 1422 984 dederit,
1452 906 1486 970 et

296 1049 421 1098 armare
440 1025 526 1097 illam
545 1026 699 1098 debemus
719 1050 791 1098 cum
809 1035 923 1099 nostm
943 1029 1118 1123 expendia,
1147 1038 1182 1100 et
1200 1029 1248 1099 ire
1267 1051 1341 1099 eum
1360 1028 1485 1100 ceteris

298 1153 400 1248 galeis
418 1154 450 1225 in
469 1155 632 1226 seruitium
650 1153 867 1240 venetiarum,
887 1157 1079 1250 ubicumque
1097 1157 1176 1251 ipsae
1195 1155 1321 1227 iverint.

387 1282 422 1352 si
441 1305 518 1352 vero
538 1280 672 1353 Venetia
691 1283 826 1378 amplius
844 1284 976 1368 lecerit,
1002 1307 1062 1355 nos
1086 1291 1209 1355 tantum
1234 1306 1328 1354 unam
1352 1282 1483 1378 galeam

298 1433 424 1482 armare
443 1409 609 1481 debemus.

387 1535 505 1608 Verum
532 1537 559 1606 si
587 1537 658 1606 Dux
686 1537 736 1607 uel
764 1561 842 1610 suus
870 1539 985 1610 missus
1013 1539 1107 1610 iverit
1129 1532 1223 1634 per¹)
1248 1560 1422 1610 commune
1443 1537 1484 1608 ad

297 1663 505 1760 preliandum
533 1663 575 1734 de
593 1663 736 1735 Venetiis
760 1689 863 1760 usque
872 1661 903 1758 ²)
932 1666 973 1736 ad
996 1667 1190 1760 Ragusium,
1218 1673 1252 1738 et
1276 1666 1317 1737 de
1335 1665 1485 1736 Venetiis

295 1815 399 1885 usque
426 1791 467 1862 ad
493 1791 659 1864 Anconam
678 1799 712 1864 et
736 1793 818 1866 inira
844 1795 975 1866 easdem
1002 1801 1126 1890 partes,
1152 1795 1269 1866 eodem
1297 1793 1395 1865 modo
1417 1816 1483 1864 nos
1558 1767 1559 1772 Ἰ

297 1919 443 1990 homines
462 1920 690 2013 suprascripte
708 1922 920 2016 Justinopolis
945 1928 979 1993 et
1003 1921 1118 1994 lnsule
1137 1922 1315 1993 secundum
1332 1927 1485 1993 nostrum

297 2068 396 2139 posse
416 2068 487 2116 oum
507 2047 553 2117 eis
572 2047 603 2116 in
622 2047 785 2118 servitium
804 2045 1009 2120 venetiarum
1028 2051 1076 2120 ire
1095 2049 1260 2122 debemus.

387 2175 546 2256 Homines¹
566 2173 695 2267 quidem
713 2173 919 2247 venetiarum
944 2200 1018 2248 cum
1040 2178 1167 2250 illorum
1190 2177 1313 2250 habere
1332 2183 1366 2247 et
1385 2177 1483 2248 bonis

239 2393 243 2402 ῃ
299 2301 376 2372 salvi
401 2307 434 2372 et
458 2301 565 2371 securi
590 2300 710 2371 debent
737 2323 812 2371 esse
835 2301 868 2372 in
886 2303 1035 2374 omnibus
1059 2305 1262 2399 pertinentiis
1281 2305 1416 2374 nostris.
1446 2303 1482 2374 Si

298 2451 375 2499 uero
395 2428 508 2520 aliquis
527 2421 704 2498 Veneticus
727 2450 843 2522 passus
869 2430 967 2502 suerit
985 2431 1122 2524 aliquam
1146 2429 1444 2502 incommoditatem
1464 2453 1482 2500 a

298 2555 417 2626 nostris
432 2555 629 2638 concivibus,
648 2554 825 2626 secundum
843 2579 967 2627 morem
986 2564 1107 2630 nostrae
1125 2565 1223 2628 terrae
1242 2557 1303 2627 illis
1323 2555 1482 2628 emenda-

296 2687 364 2754 tum
383 2705 457 2752 esse
475 2682 585 2753 debet.
996 2765 1005 2782 ,

387 2810 538 2881 Homines
564 2812 673 2904 itaque
702 2811 929 2904 suprascripta
945 2811 1160 2906 ,tustinopolis
1180 2818 1213 2882 et
1237 2811 1353 2883 lnsulae
1372 2811 1481 2883 fideb-

297 2945 396 3009 tatem
412 2939 567 3023 Ducibus,
588 2941 640 3031 qui
654 2939 885 3033 perpetualiter
901 2947 994 3012 erunt
1007 2941 1038 3010 in
1052 2941 1207 3026 venetiis,
1218 2943 1333 3034 jurare
1348 2941 1480 3024 debent,

297 3072 333 3138 ut
349 3067 572 3160 suprascripta
591 3073 676 3137 sunt.

386 3193 531 3263 Bannum
554 3215 644 3276 vero,
674 3192 760 3285 quod
784 3192 920 3265 Venetia
944 3194 1154 3266 collocaverit
1176 3196 1218 3267 de
1243 3197 1330 3266 omui
1355 3219 1482 3290 genere

297 3317 447 3389 frumenti
467 3325 500 3390 et
517 3318 699 3412 leguminis,
719 3321 803 3390 sicut
821 3319 964 3392 Venetici
985 3323 1153 3392 constricti
1175 3330 1271 3394 erunt
1288 3349 1348 3418 per
1365 3348 1481 3396 saera-

298 3437 450 3530 mentum,
470 3446 586 3517 eodem
605 3446 702 3518 modo
722 3472 781 3541 per
799 3455 1034 3519 sacramentum
1054 3449 1208 3521 debemus
1228 3449 1419 3521 observare.
1445 3451 1483 3520 si

298 3573 368 3667 quis
388 3573 487 3666 igitur
504 3581 691 3644 nostrorum
706 3573 747 3644 de
766 3575 914 3670 predicto
928 3577 1089 3648 frumento
1107 3583 1141 3649 et
1158 3577 1372 3674 leguminibus
1387 3601 1482 3650 eom·

297 3703 460 3794 paraverit
474 3701 556 3800 infra
571 3703 824 3796 suprascriptum
838 3703 988 3788 bannum,
1004 3705 1119 3798 jurare
1137 3703 1247 3790 debet,
1268 3707 1355 3800 quod
1371 3711 1480 3777 entra·

299 3828 369 3899 neis
397 3827 578 3899 bominibus
602 3829 679 3900 illud
699 3829 839 3901 vendere
858 3853 922 3902 non
942 3831 1077 3916 debeat,
1104 3833 1164 3902 sed
1182 3859 1243 3927 pro
1264 3833 1402 3906 utilitate
1422 3858 1481 3906 sua

298 3961 332 4026 et
349 3979 483 4026 suorum
503 3955 692 4039 concivium,
712 3957 770 4027 nisi
790 3958 878 4029 sorte
896 3959 1087 4052 permissum
1107 3959 1205 4031 luerit
1222 3984 1241 4030 a
1259 3961 1352 4032 Duce
1370 3959 1480 4032 Vene-

297 4081 414 4153 tiarum
433 4082 482 4154 vel
501 4106 560 4153 suo
581 4075 692 4154 misso.

388 4209 504 4280 Actum
530 4211 638 4281 estin
666 4211 756 4282 curia
784 4211 902 4282 domini
931 4211 1034 4283 nostri
1062 4211 1149 4283 Petri
1173 4213 1285 4286 Polani
1311 4213 1425 4301 Ducis,
1449 4217 1480 4285 in

298 4339 460 4431 presentia
475 4336 623 4430 judicum
641 4343 675 4409 et
692 4338 882 4433 sapientium
902 4339 984 4431 ejus.

326 4547 351 4624 ¹)
371 4567 428 4623 pro
450 4549 495 4605 ΙιΡ.
886 4549 890 4622 l
939 4548 967 4622 ²)
987 4549 1039 4604 bn.
1054 4567 1102 4606 om.
1117 4569 1235 4624 usquo.
