3110 5076
368 360 470 416 Acnxu
482 361 516 416 ΙΙΙ
529 365 586 416 lue.
599 359 645 416 Gr.
659 377 749 417 nurse.
764 377 800 414 sn
813 359 909 412 lusce.
919 356 961 410 lll.
1172 344 1247 414 239

75 527 275 600 sanctissimi
301 531 396 602 etiam
422 531 523 625 lloysi
548 555 659 604 manus
682 533 723 604 ad
746 532 849 602 Deum
868 529 1010 600 eleuatas
1029 531 1062 598 et
1081 549 1100 598 a
1119 525 1247 596 duobus

1 725 2 728 ,
78 656 303 729 sacerdotibus
323 664 520 730 sustentatas
539 665 573 730 et
591 659 723 731 Amalec
741 664 918 741 uertentes,
943 663 977 728 et
995 661 1119 749 septem
1138 675 1250 724 sacer·-

1 877 2 882 Ὶ
78 783 188 852 dotum
217 786 296 855 Jesu
323 785 411 856 Nave
421 777 451 877 ¹)
480 787 587 870 tubas,
608 809 691 858 sono
714 793 836 858 tantum
856 809 965 857 muros
984 783 1092 856 Jerieo
1111 781 1251 852 subuer-

1 961 2 964 ,
78 914 198 993 tentes,
219 933 325 982 meum
344 913 461 984 omittit
478 913 665 1006 Imperium3
694 937 735 984 ne
754 921 788 984 et
806 917 921 984 contre
940 911 1036 982 bodie
1054 917 1119 980 tam
1139 931 1251 978 saeer-

79 1036 188 1119 dotes,
209 1061 304 1130 quam
322 1044 356 1108 et
374 1037 490 1110 milites
509 1064 644 1112 currere
663 1041 845 1122 uideantur,
864 1039 950 1123 talia,
971 1038 1091 1108 nostris
1110 1035 1252 1130 peccatis

1 1171 2 1174 ’
79 1163 303 1258 exigentibus,
332 1165 485 1236 miracula
513 1159 577 1238 non
607 1169 735 1262 operari
764 1167 919 1238 ualentes.
958 1165 1054 1253 Quod
1081 1163 1165 1235 enim
1190 1184 1254 1232 uon

1 1348 2 1372 ,
79 1291 259 1362 secundum
284 1292 387 1364 Deum
416 1294 508 1366 nobis
533 1295 768 1389 cogitationes,
795 1318 878 1389 quae
901 1317 961 1387 pro
981 1293 1051 1362 Deo
1076 1296 1169 1373 sunt,
1195 1287 1253 1360 sed

1 1487 2 1508 ξ
79 1418 192 1488 oribus
212 1423 452 1493 eonsentientes
471 1421 624 1492 cordibus
643 1421 863 1502 dissentimus,
889 1429 922 1491 et
947 1419 1038 1490 labiis
1057 1415 1254 1498 osculantes,

1 1559 2 1610 Τ
79 1549 186 1616 animo
213 1546 413 1618 adinvicem
439 1548 534 1618 dividi
562 1547 725 1629 nolumus,
752 1549 795 1619 ob
822 1547 884 1617 hoc
903 1570 967 1617 non
986 1545 1134 1640 prosperi
1161 1543 1255 1614 nobis

1 1703 2 1775 p
79 1697 139 1765 pro
160 1673 323 1745 dominico
343 1697 478 1768 gressus
496 1659 682 1768 sepulchro.

169 1797 245 1870 Non
276 1801 360 1872 enim
386 1809 442 1872 tua
474 1803 606 1894 ignorat
633 1803 805 1886 sanctitas,
835 1807 985 1893 quautam
1013 1799 1255 1870 subversionem

80 1933 297 2022 quantamque
336 1928 534 2000 occisionem
574 1929 790 2000 nobilissimus
830 1929 956 2021 quidem
989 1951 1045 1998 rex
1073 1927 1257 1996 Alemaniae

1 2103 2 2156 3
82 2055 277 2126 Fredericus
309 2054 436 2148 lmperii
469 2058 530 2128 mei
562 2057 783 2150 superinduxit
808 2056 1015 2149 regionibus,
1048 2055 1257 2126 sacramentis

1 2195 2 2284 ᾗ
80 2183 285 2276 rigidissimis
309 2205 346 2252 se
371 2183 522 2278 alligans,
550 2184 685 2278 pacifice
709 2191 743 2253 et
765 2184 835 2254 sine
861 2205 970 2276 pugna
994 2188 1101 2253 terras
1129 2179 1257 2274 lmperij

81 2312 143 2380 mei
160 2310 362 2404 pertransire
377 2309 505 2402 jurans,
525 2317 558 2382 et
576 2313 623 2382 sic
641 2311 812 2404 Imperium
831 2335 935 2382 meum
948 2311 1018 2380 sine
1032 2308 1139 2401 aliquo
1155 2309 1258 2399 impe-

85 2437 227 2508 dimento
247 2439 370 2508 intrans
385 2444 418 2509 et
432 2461 526 2508 omne
540 2439 572 2508 in
587 2461 627 2510 eo
642 2438 815 2532 pessimum
835 2461 986 2532 operans,
1007 2443 1041 2508 et
1059 2435 1259 2507 Christianos

86 2572 120 2634 ut
145 2565 261 2658 impios
286 2565 497 2658 expugnavit;
529 2573 562 2636 et
588 2565 662 2636 binc
688 2573 722 2636 et
740 2585 758 2637 a
777 2567 842 2647 via,
864 2561 925 2658 qud
944 2566 1014 2658 ipse
1032 2569 1260 2656 proposuerat,

85 2693 132 2761 ire
156 2691 318 2772 exclusus,
347 2699 381 2762 et
395 2692 560 2787 insperate
576 2687 714 2784 tluuio²)
734 2701 768 2764 et
783 2697 819 2764 oi
834 2692 1001 2764 nodorum
1022 2690 1223 2784 [adreptus]
1230 2681 1261 2779 ³)

89 2819 169 2890 rado
189 2819 378 2890 submersus
397 2825 458 2890 est.

176 2945 350 3032 Quomodo
374 2947 474 3039 igitur
500 2947 670 3040 Imperium
696 2969 801 3018 meum
826 2947 873 3016 sic
899 2968 963 3016 non
982 2945 1066 3015 benc
1086 2946 1174 3016 circe
1195 2947 1262 3016 Ro-

88 3095 168 3144 mam
184 3073 401 3145 sentientibus
418 3073 571 3144 adiuuare
586 3072 726 3144 debebat
740 3080 854 3144 etcum
866 3073 937 3165 ejus
950 3075 999 3143 via
1013 3069 1261 3143 ambulare?—

89 3199 247 3290 (l'amen)
270 3201 413 3294 quernus
440 3199 487 3270 sic
513 3200 595 3272 mala
620 3224 693 3272 meo
720 3201 858 3293 lmperio
879 3199 921 3270 illi
940 3182 1132 3280 retribuim,
1159 3205 1266 3268 tamen

89 3325 256 3420 lmperium
276 3349 381 3398 meum
401 3327 448 3398 eis
467 3327 550 3398 mala
568 3328 751 3398 retribuere
770 3327 889 3411 noluit,
909 3327 1089 3418 integram,
1109 3349 1203 3419 quam
1222 3325 1263 3395 ad

1 3481 2 3500 ¹
91 3451 282 3525 dominicum
301 3453 510 3546 sepulchrum
529 3453 639 3537 babet,
659 3455 876 3525 reuerentiam
895 3454 954 3523 sibi
974 3475 1157 3542 reservans.
1182 3453 1262 3522 Om-

1 3661 2 3676 ἶ
88 3578 171 3650 nium
190 3583 273 3651 enim
294 3582 554 3652 necessariorum
573 3580 757 3650 allationem
776 3582 853 3675 ipsis
874 3605 913 3652 ex
931 3581 1121 3674 regionibus
1135 3580 1264 3673 lmperij

91 3709 149 3776 mei
167 3714 200 3778 et
217 3732 278 3801 per
297 3732 334 3778 se
353 3710 442 3802 ipsos
462 3709 508 3778 eis
528 3708 697 3800 acquirere
715 3709 879 3800 permisit,
909 3715 943 3778 et
967 3709 1071 3800 ipsum
1092 3707 1139 3775 eis
1160 3707 1263 3777 admi·

93 3835 257 3918 nistrauit,
293 3841 326 3904 et
352 3857 515 3926 nunquam
544 3834 590 3905 eis
619 3833 739 3904 deiecit
766 3836 1028 3906 necessariorum
1057 3835 1151 3927 copia
1179 3835 1266 3904 circa

94 3959 232 4034 inimicos
251 3963 360 4032 crucis
384 3961 447 4031 bos
472 3985 610 4032 armans.
640 3959 712 4031 Non
738 3962 838 4054 igitur
865 3960 1089 4056 inculpabilem
1108 3968 1163 4031 tua
1183 3985 1263 4033 cau·

93 4093 179 4158 setur
191 4089 365 4175 Sanctitas,
386 4087 443 4160 sed
463 4095 577 4159 contra
596 4086 668 4158 illos
687 4111 776 4160 suam
796 4095 900 4158 vertat
919 4089 1189 4181 increpationem,
1210 4090 1263 4182 qui

89 4267 403 4284 m

121 4381 142 4451 ¹)
160 4387 179 4440 1.
192 4405 214 4441 e.
226 4389 332 4449 losuas,
344 4385 390 4440 lilii
405 4385 471 4440 Nun.
728 4349 764 4454 'l
775 4385 802 4438 ln
814 4389 887 4440 textu
898 4390 1025 4459 corrupte
1036 4390 1069 4440 et
1082 4390 1267 4443 vetularum

119 4471 143 4544 ²)
162 4476 346 4549 Calycadno
364 4476 447 4538 durio,
464 4477 650 4546 juxtaScleu·
775 4475 874 4530 vado:
903 4477 973 4549 quod
1002 4479 1081 4532 etiem
1115 4480 1267 4554 ullomodo

161 4564 226 4620 ciam
241 4567 347 4621 Ciliciae.
777 4566 917 4620 sanareris.
