3130 5078
465 373 684 428 Sacnsunurnu
700 387 902 426 cananaeorum
916 371 961 425 Cr.
1228 360 1304 433 547

121 542 225 613 ubera
241 541 400 626 officiosa,
420 546 532 614 matris
546 543 762 614 sollicitudine
781 549 937 614 noscatur
956 542 1127 636 plurimum
1146 542 1306 636 indigere,

124 670 227 762 ipsam
247 669 404 740 uberibus
423 669 658 742 consolationis
677 677 810 740 nostrae
829 669 954 741 lactare
975 669 1190 764 disponimus,
1218 676 1309 739 etex

125 795 244 865 diuitiis
265 797 387 868 nostris
412 798 483 868 eius
509 797 646 890 inopiam
667 796 825 868 relevare.
855 799 934 868 Cum
954 795 1054 890 igitur
1072 794 1219 889 indigeat
1237 793 1307 865 cle·

124 921 202 993 ricis
221 923 434 1014 prudentibus
454 931 488 994 et
505 925 637 1018 peritis,
663 924 716 1018 qui
735 925 891 995 laicorum
906 925 1001 994 vitam
1016 922 1116 994 verbo
1137 921 1310 992 aedificent

125 1055 161 1118 et
179 1049 339 1142 exemplu,
358 1050 400 1120 ad
419 1050 608 1143 petitionem
626 1051 819 1122 venerabilis
838 1051 949 1121 fratris
963 1049 1079 1133 nostri,
1098 1047 1308 1120 Patriarchaa

126 1177 495 1270 Constantinopolitani,
525 1179 766 1261 concessimus,
794 1183 830 1248 ut
857 1178 986 1259 clerici,
1015 1179 1068 1272 qui
1097 1199 1169 1248 cum
1199 1199 1239 1246 eo
1268 1175 1309 1246 ad

125 1311 239 1396 partes
258 1303 635 1397 Constantinopolitanae
654 1305 869 1386 accesserint,
889 1327 946 1374 sua
961 1304 1119 1374 beneficia
1133 1327 1199 1375 non
1215 1304 1310 1374 amit·

126 1437 216 1512 tant,
242 1429 302 1500 sed
327 1437 505 1524 proventus
531 1455 645 1502 eorum
671 1431 750 1526 ipsis
773 1432 902 1524 integre
930 1432 1171 1525 persolvantur,
1201 1431 1309 1501 donec

127 1563 232 1628 status
253 1562 363 1628 terrae
382 1555 464 1627 illius
483 1557 578 1628 nobis
599 1557 723 1650 plenius
743 1559 945 1639 innotescat,
968 1557 1043 1627 dum
1060 1563 1168 1627 tamen
1188 1581 1227 1627 ex
1245 1557 1310 1628 hoc

126 1691 266 1780 propter
291 1686 557 1756 numerositatem
584 1685 779 1756 clericorum
804 1685 978 1756 volentium
1004 1687 1145 1758 transire
1169 1709 1242 1757 cum
1267 1709 1308 1756 eo

128 1811 233 1905 aliqua
252 1809 401 1882 Ecclesia
421 1813 602 1882 enormiter
621 1835 687 1883 non
706 1818 874 1906 gravetur.

218 1935 386 2007 llonemus
401 1937 502 2030 igitur
519 1939 757 2010 fraternitatem
773 1949 913 2010 vestram
930 1947 963 2008 et
977 1937 1185 2010 exhortamur
1199 1945 1309 2008 atten-

127 2065 192 2134 tius
211 2071 245 2132 ct
264 2085 324 2155 per
342 2065 524 2155 apostolica
542 2065 635 2136 vohis
654 2067 775 2158 scripta
802 2065 1006 2148 mandamns,
1035 2071 1194 2158 quatenus
1213 2063 1310 2134 eleri-

129 2213 188 2260 cos
216 2189 300 2272 illos,
329 2191 382 2282 qui
412 2191 574 2260 voluerint
600 2193 691 2285 sequi
721 2215 811 2272 enm,
841 2213 903 2262 nec
932 2215 989 2261 vos
1018 2196 1133 2260 contra
1161 2196 1309 2261 tenorem

127 2316 346 2408 indulgentiae
366 2323 499 2386 nostrae
518 2315 717 2410 aliquatenus
737 2315 936 2400 molestetis,
965 2339 1027 2387 nee
1046 2317 1242 2410 permittatis
1255 2319 1319 2386 aut¹

128 2441 253 2512 iacietis
281 2439 322 2511 ab
350 2442 419 2512 aliis
448 2441 631 2526 molestari,
659 2443 735 2536 quin
761 2443 887 2535 potius,
915 2443 941 2512 si
968 2443 1020 2536 qui
1047 2466 1106 2514 eos
1134 2443 1310 2514 molestare

129 2572 425 2664 praesumpserint,
460 2572 756 2664 praesumptionem
786 2593 899 2642 eornm
928 2571 1104 2641 monitione
1134 2572 1311 2665 praemissa

128 2721 188 2792 per
213 2697 450 2768 districtionem
477 2698 733 2770 ecclesiasticam
762 2697 979 2792 appellatione
1008 2700 1192 2792 postposita
1218 2721 1311 2770 com·

126 2827 280 2917 pascatis.

217 2953 333 3023 Datum
368 2951 485 3033 Rosia,
519 2953 603 3046 apud
637 2960 786 3023 sanctum
817 2952 966 3035 Petrum,
1000 2953 1042 3022 lll
1076 2953 1145 3024 Kal.
1175 2952 1308 3046 Aprilis,

126 3101 212 3151 anno
233 3087 361 3151 octavo.

651 3223 786 3294 CXLlV.

128 3346 347 3413 Sscmmcntan
383 3348 588 3411 cnsnlcmn
626 3347 832 3428 deputatam
868 3347 899 3410 ln
942 3345 1072 3410 ccclesla
1112 3343 1308 3428 patrlarclsll

549 3455 887 3538 dossmntlmpslltan.

503 3581 534 3634 Α.
553 3579 579 3634 d.
599 3577 682 3642 1205,
707 3578 732 3632 d.
751 3579 778 3634 8.
795 3595 829 3634 m.
846 3575 932 3632 llladii.

217 3689 285 3754 Lib.
300 3689 367 3754 lllb.
385 3689 436 3754 al.
455 3691 496 3754 et
512 3709 558 3773 sq.
591 3689 658 3754 Lib.
675 3689 757 3754 Pact.
774 3690 796 3762 l,
813 3689 863 3754 tol.
883 3689 956 3753 lto.
981 3686 1043 3752 Cir.
1061 3685 1222 3752 Willen.
1242 3687 1260 3749 l.
1278 3707 1306 3750 c.

126 3799 163 3862 T.
180 3799 216 3872 V,
234 3819 263 3883 p.
283 3799 359 3864 330.

178 3929 181 3936 ’
217 3913 251 3983 ln
270 3913 401 3984 nomme
418 3912 470 3984 dei
490 3913 606 3983 eterni.
636 3911 750 3982 Amen.

215 4039 310 4110 Anno
338 4039 457 4110 domini
492 4038 660 4109 millesimo
689 4039 912 4111 ducentesimo
939 4040 1072 4132 quinto,
1109 4037 1161 4108 die
1190 4043 1307 4108 octavo

126 4169 278 4251 intrante,
298 4186 408 4237 mense
427 4165 536 4248 lladii,
556 4166 731 4238 indictione
752 4174 879 4238 octava.
909 4167 1046 4236 Ruornn.

215 4296 249 4364 ln
269 4292 435 4386 presentia
454 4291 572 4362 domini
592 4291 751 4375 Rainerii,
779 4291 833 4362 lilii
853 4291 971 4362 domini
996 4291 1128 4361 Henrici
1147 4290 1307 4374 Daudulo,

125 4419 177 4490 dei
197 4419 302 4514 gratia
321 4418 422 4489 incliti
440 4417 599 4504 Venecie,
619 4417 783 4488 Dalmacie
802 4427 836 4488 et
855 4417 1015 4488 Ohroacie
1034 4417 1153 4502 Ducis,
1174 4419 1307 4510 eiusque

124 4546 293 4640 dignitatis
337 4547 438 4616 ricem
483 4546 649 4638 gerentis,
696 4545 982 4638 assistentinmque
1024 4544 1082 4614 sibi
1127 4544 1306 4638 sapientum

1030 4661 1092 4715 at*
