3120 5078
319 345 396 418 366
491 357 609 413 Psoron
622 356 760 412 Bannurur
773 357 899 413 Furnos.
915 375 995 414 eurr.
1010 374 1068 413 nun
1081 359 1170 413 llnue.
1182 359 1326 412 Daunono.

317 528 486 612 debemus,
515 537 596 622 quot
622 529 741 601 luerint
767 528 944 621 neeessarij
973 529 1215 601 conuenienter.
1251 528 1362 599 Neues
1390 535 1491 600 autem

318 656 359 728 ad
386 656 617 730 tradretnndos
646 657 792 728 homines
822 663 874 729 tot
900 657 1063 741 dabimus,
1099 665 1180 752 quot
1207 663 1304 728 erunt
1332 656 1491 727 sufficien-

317 791 368 856 tes
396 784 573 856 seeundum
601 785 829 856 discretionem
864 791 1008 856 nostram
1039 790 1072 855 et
1105 785 1263 856 baronum
1297 789 1490 866 nostrorum,

318 913 404 982 bona
424 912 500 984 fide.

408 1041 449 1110 Et
467 1039 531 1110 hoo
550 1040 712 1132 nauigium
727 1039 946 1133 supradictum
964 1037 1033 1110 dari
1052 1037 1150 1110 debet
1168 1061 1185 1108 a
1204 1039 1292 1108 festo
1311 1045 1491 1109 sanatorum

317 1165 540 1262 apostolorum
548 1159 577 1257 ¹)
597 1167 683 1238 Petri
703 1171 737 1236 et
754 1165 843 1236 Pauli
867 1165 1012 1259 proximo
1038 1173 1176 1238 uenturo
1201 1165 1242 1236 ad
1261 1165 1422 1236 honorem
1441 1165 1490 1236 llei

317 1301 351 1367 et
375 1295 462 1366 beati
487 1294 586 1366 llerei
612 1287 851 1387 euangeliste²)
872 1299 906 1364 et
924 1293 1175 1364 Christianitatis
1201 1315 1304 1385 usque
1322 1293 1366 1364 ed
1384 1314 1490 1364 annum

317 1413 466 1514 unum³),
486 1422 513 1491 si
534 1421 749 1515 opportuerit,
770 1419 830 1492 nisi
851 1426 965 1490 nostra
984 1426 1019 1490 et
1037 1426 1147 1492 uestra
1165 1420 1364 1490 remanserit
1381 1418 1491 1492 uolun-

317 1555 385 1622 tate
405 1540 583 1640 eomuni⁴).

406 1677 514 1768 Super
536 1675 586 1744 his
606 1680 714 1746 autem
732 1683 767 1746 et
785 1698 845 1746 nos
864 1675 997 1770 propria
1016 1674 1184 1748 uoluntate
1203 1681 1315 1746 nostra
1335 1675 1489 1768 quinqua·

317 1807 408 1899 ginta
426 1803 539 1897 galeas
557 1803 636 1874 dare
657 1803 811 1874 debemus
830 1809 968 1873 armatae
987 1802 1019 1872 in
1039 1801 1089 1872 dei
1110 1800 1294 1884 seruitium,
1321 1825 1387 1896 que
1411 1803 1492 1872 simi·

315 1931 391 2002 liter
409 1937 504 2002 erunt
521 1932 554 2002 iu
572 1933 738 2004 seruitium
758 1930 876 2002 domini
896 1951 1109 2023 perannum,
1138 1929 1164 2000 si
1185 1931 1409 2022 opportuerit,
1439 1928 1492 2000 nisi

317 2065 431 2130 nostm
459 2065 494 2130 et
518 2067 628 2130 uestra
655 2059 815 2130 communi
840 2057 1007 2128 uoluntate
1032 2056 1237 2128 remanserit
1272 2055 1414 2150 Propter
1437 2079 1493 2150 que

317 2185 411 2256 nobis
448 2185 527 2256 dare
562 2185 687 2257 debetis
722 2185 892 2279 octoginta
925 2183 1067 2276 quinque
1102 2183 1186 2254 milia
1218 2205 1402 2254 marearum
1428 2182 1493 2278 puri

317 2313 444 2406 argenti
464 2313 505 2384 ad
523 2313 650 2406 pondus
670 2311 818 2394 Colonie,
845 2335 910 2404 quo
930 2311 1032 2383 utitur
1054 2317 1145 2381 terra
1172 2317 1296 2390 nostre,
1323 2309 1494 2405 dequibus

316 2439 390 2510 hine
405 2440 445 2510 ad
464 2439 618 2511 kalendas
633 2439 773 2534 Augusti
792 2438 914 2510 habere
934 2437 1089 2509 dehemus
1109 2437 1291 2532 quindecim
1310 2437 1394 2508 milia
1414 2461 1494 2508 mer·

317 2589 439 2649 earnm,
465 2573 498 2638 et
516 2568 591 2637 inde
610 2567 650 2636 ad
669 2567 788 2636 festum
808 2567 949 2636 omnium
969 2572 1155 2636 sanctorum
1175 2565 1236 2636 alia
1251 2564 1365 2634 desem
1385 2564 1493 2644 millia;

316 2691 434 2763 abinde
460 2718 539 2766 uero
568 2694 735 2787 usquead
763 2693 1018 2787 purificationem
1047 2693 1142 2764 beate
1167 2693 1268 2764 llarie
1294 2691 1355 2764 alia
1386 2691 1494 2762 denen

317 2819 412 2890 milia.
448 2819 573 2891 Deinde
600 2826 707 2892 autem
733 2841 837 2912 nsque
860 2843 919 2914 per
942 2826 1047 2892 totum
1071 2841 1215 2891 mensem
1240 2818 1384 2912 Aprilem
1410 2819 1494 2912 prius

318 2955 490 3018 uenturum
514 2947 640 3042 reliqua
666 2948 899 3040 qninquaginta
926 2947 1009 3018 milia
1035 2947 1157 3018 habere
1183 2945 1351 3018 debemus.
1380 2945 1424 3016 Et
1438 2967 1495 3038 per
1555 2955 1556 2972 ¹

315 3079 421 3144 totum
435 3074 575 3145 eundem
594 3097 737 3146 mensem
756 3080 790 3144 et
808 3073 955 3146 homines
975 3081 1008 3144 et
1026 3075 1098 3168 equi
1117 3097 1191 3144 eum
1210 3073 1358 3144 omnihus
1378 3093 1493 3144 neees-

317 3202 414 3294 sarijs
434 3202 466 3274 in
487 3200 625 3272 Veneeia
633 3195 665 3293 ⁵)
686 3224 761 3272 esse
780 3201 902 3273 debent
922 3202 963 3273 ad
981 3201 1256 3274 transfretandum
1264 3192 1314 3292 6);
1333 3206 1367 3271 et
1379 3199 1497 3270 debent

317 3329 365 3398 ire
385 3335 418 3399 et
437 3335 526 3399 stare
545 3328 578 3399 in
595 3329 731 3399 seruitio
745 3325 903 3420 domini⁷J
922 3351 1093 3423 perunum
1112 3351 1240 3412 annum,
1260 3329 1288 3398 si
1304 3327 1493 3421 oportuerit,

317 3456 396 3526 nissi
415 3455 456 3526 de
476 3457 603 3526 comuni
622 3455 791 3528 uoluntate
810 3461 924 3528 nostra
944 3462 977 3527 et
995 3461 1105 3526 uestra
1124 3456 1328 3528 remanserit.

346 3755 473 3829 )npos
461 3759 570 3811 stssn
576 3755 863 3826 sotrumlnrl.neseq
866 3753 1087 3826 tsdplot

341 3847 480 3990 ³)dlaruo
472 3847 695 3992 uluamppploietl
680 3850 780 3900 etet.
800 3847 894 3900 Ldos
880 3844 1018 3916 en.iqdpl.

343 3937 427 4010 ³)ad
607 3955 677 3992 num
696 3939 772 3992 [ΑΛ
760 3953 834 4006 sneq
849 3937 913 4006 di.pl

341 4031 403 4101 ¹⁵)e
388 4047 487 4084 (ιιιιοιιι
489 4031 618 4084 imorem
581 4029 698 4084 amerit.
719 4025 761 4080 Su
743 4043 815 4097 urpm
799 4027 879 4082 rdis
897 4031 990 4083 autem
1002 4029 1092 4080 estete
1079 4025 1232 4097 sproprin
1246 4025 1386 4080 voluntate
1399 4027 1497 4076 nostro

390 4137 437 4193 qne
432 4121 495 4192 ἰιᾳιι
497 4159 503 4172 .
521 4138 602 4190 poen
540 4119 602 4173 olen
605 4119 705 4173 adore
723 4118 782 4172 det.
795 4123 921 4175 armatos
933 4118 965 4172 ιἰι
977 4117 1023 4172 dei
1034 4118 1190 4177 seruitium,
1209 4134 1262 4190 qne
1273 4117 1402 4171 similiter
1413 4120 1499 4168 eruut

388 4227 440 4285 per
453 4228 559 4264 anunm
572 4211 602 4264 in
615 4211 761 4264 seruitium
774 4209 895 4272 domini,
914 4211 940 4263 si
953 4209 1119 4280 oportuerit.
1137 4209 1193 4264 nisi
1207 4213 1304 4264 nostra
1318 4208 1459 4263 voluntate
1472 4207 1499 4258 et

390 4307 483 4356 vestro
499 4302 674 4355 remanserit.
694 4300 819 4372 Propter
832 4303 894 4354 eett.
911 4301 960 4353 bd.
974 4317 1048 4370 sequ.
1063 4300 1127 4372 dipl.

347 4393 375 4463 ⁵)
395 4391 618 4446 inVeneeiern
632 4392 683 4444 tn.
698 4409 770 4460 sequ.
785 4389 848 4460 dipl.

344 4483 372 4552 ⁰)
393 4482 784 4538 adtransrrstmuostd.
798 4499 871 4552 sequ.
885 4481 947 4552 dipl.

345 4575 372 4648 ⁷)
392 4575 446 4628 dei
460 4573 512 4628 LA.
527 4591 601 4644 sequ.
615 4573 677 4648 dipl.
