3110 5080
284 375 360 450 448
450 386 545 441 Puera
559 402 646 441 nunna
661 386 811 442 Hnuarcuu
825 389 983 444 Daunuuua
996 404 1033 443 aa
1046 389 1288 445 Cnucasususros.

282 565 316 630 et
334 557 466 629 seruitia
484 556 672 652 assignare,
696 581 759 653 que
784 559 844 653 ipsi
869 559 1015 630 homines
1041 560 1232 654 imperatori
1258 563 1291 629 et
1314 557 1463 650 Imperio

281 688 392 756 facere
411 683 542 765 debent,
562 684 738 756 secundum
758 685 844 780 quod
862 685 923 756 illis
941 685 1061 757 bonum
1080 687 1184 757 uisum
1203 685 1302 757 fuerit
1318 691 1354 755 et
1371 707 1464 754 oon-

283 813 419 884 uenicns
443 811 622 906 apparebit.
651 811 795 882 Feudum
822 835 921 896 uero,
947 808 1034 907 quod
1059 813 1230 908 unicuique
1256 813 1463 908 assignatum

281 941 399 1023 fucrit,
425 939 527 1010 libere
553 945 587 1010 ct
611 939 759 1012 absolute
777 939 948 1034 possidere
968 939 1086 1012 debeat
1105 941 1145 1012 de
1163 939 1286 1012 herede
1304 941 1335 1010 in
1353 938 1463 1009 herc-

282 1067 372 1150 dem,
400 1071 465 1137 tam
490 1066 522 1134 in
546 1066 737 1150 masculum
768 1089 862 1160 quam
887 1067 920 1137 in
943 1067 1112 1151 feminam,
1140 1074 1175 1138 et
1192 1067 1316 1162 plenam
1335 1065 1464 1136 habeat

281 1199 476 1288 potestatem
502 1192 543 1264 ad
565 1191 745 1264 iaciendum
773 1193 866 1280 inde,
892 1193 1042 1290 quioquid
1067 1218 1126 1265 sue
1149 1193 1247 1265 fuerit
1265 1193 1461 1275 uoluntatis,

281 1319 372 1391 saluo
396 1326 505 1391 tamen
524 1319 593 1390 iure
612 1327 647 1390 et
665 1321 800 1392 seruitio
820 1321 1030 1415 Imperatoris
1050 1328 1083 1393 ct
1101 1322 1243 1415 imperij.
1271 1320 1462 1413 Imperator

280 1470 362 1519 uero
380 1444 502 1539 reliqua
521 1447 653 1516 seruitia
671 1446 783 1518 facere
803 1446 916 1532 debet,
937 1471 999 1542 quc
1017 1447 1138 1519 iucrint
1155 1447 1319 1530 iacienda,
1338 1453 1461 1539 preter

281 1599 337 1656 ca,
364 1596 426 1668 que
451 1572 509 1665 ipsi
535 1571 671 1656 facient,
697 1573 749 1666 qui
773 1573 870 1644 feuda
889 1579 922 1644 et
946 1572 1209 1647 honorificentias
1228 1573 1461 1668 possidebunt,

280 1699 458 1772 seeundum
477 1697 623 1770 ordinem
642 1698 701 1770 sibi
721 1698 908 1771 iniunctum.

368 1825 531 1898 Statutum
557 1831 609 1896 cst
633 1825 743 1906 ctiam,
769 1825 856 1920 quod
882 1849 977 1898 nemo
996 1827 1158 1898 hominum
1177 1825 1311 1898 alicuius
1330 1826 1459 1919 gentis,

279 1977 342 2048 que
368 1973 537 2024 comunem
562 1973 691 2044 gemam
716 1951 884 2024 nobiscum
911 1961 967 2024 aut
990 1953 1236 2024 successoribus
1262 1955 1380 2024 nostris
1401 1953 1460 2023 uel

234 2115 236 2124 s
278 2079 398 2174 populo
417 2078 557 2150 Venecic
581 2076 749 2162 habuerit,
774 2079 950 2173 recipiatur
969 2080 1000 2149 iu
1020 2079 1174 2174 imperio,
1201 2079 1307 2151 donoc
1331 2101 1459 2172 guerra

277 2205 329 2276 illa
347 2205 445 2277 inerit
462 2204 642 2299 pacificata.

369 2333 535 2403 Tenentur
553 2331 649 2400 etiam
668 2335 804 2424 utraque
822 2355 898 2424 pars
917 2331 958 2402 ad
978 2331 1113 2404 dandam
1130 2353 1263 2426 operam
1277 2329 1459 2412 bonafide,

278 2465 314 2532 ut
332 2459 396 2530 hoc
415 2483 434 2530 a
452 2458 581 2529 domiuo
601 2459 685 2550 Papa
705 2459 810 2550 possit
828 2439 1010 2552 impetrarit
1039 2459 1138 2552 quod,
1158 2459 1184 2527 si
1204 2457 1319 2550 aliquis
1338 2466 1458 2528 contra

275 2585 359 2656 hanc
373 2585 608 2657 institutionem
620 2584 669 2655 ire
682 2585 901 2680 temptauerit,
915 2584 958 2656 sit
972 2583 1308 2656 excommunicationis
1322 2585 1461 2656 uinculo

278 2711 462 2784 innodatus.

366 2839 502 2932 insuper
521 2842 554 2908 et
573 2837 752 2932 imperator
770 2839 877 2910 iurare
897 2839 1013 2923 debet,
1033 2838 1121 2932 quod
1139 2840 1247 2909 firmas
1266 2845 1301 2909 et
1319 2837 1459 2909 stabiles

277 2965 424 3036 dationes
448 2969 483 3036 et
504 2964 670 3057 portiones
697 2964 883 3060 &coliem
901 2989 928 3037 s.
943 2970 1163 3062 partitiones,
1192 2964 1268 3036 coli.
1287 2987 1321 3060 p.
1343 2964 1457 3057 452),

277 3113 340 3187 quc
353 3093 440 3162 facte
453 3090 585 3174 fuerint,
605 3090 867 3164 inreuocabiliter
879 3089 1012 3164 habebit
1025 3092 1201 3164 secundum
1217 3113 1344 3162 omnem
1358 3090 1456 3162 ordi-

275 3217 706 3313 nemsupcriusdistinctum.
723 3218 757 3288 Si
765 3241 845 3288 uero
856 3218 974 3312 aliquid
987 3221 1020 3289 in
1029 3211 1290 3314 suprascriptis¹)
1301 3217 1456 3288 omnibus

273 3346 372 3418 fucrit
385 3344 565 3417 addendum
579 3343 855 3429 uelminuendum‚
870 3346 902 3415 in
910 3351 1074 3440 potestate
1083 3351 1117 3416 et
1126 3345 1324 3416 discretione
1337 3350 1455 3415 nostra

274 3480 308 3545 ct
326 3478 512 3544 nostrorum
537 3494 593 3542 sex
614 3471 875 3544 consciliatorum
901 3479 935 3544 ct
960 3472 1078 3544 domini
1101 3471 1295 3543 Marchionis
1320 3471 1454 3542 eteius

274 3625 331 3671 sex
350 3598 593 3673 consiliatorum
611 3597 780 3670 consistat.
972 3587 978 3601 ’

362 3727 537 3798 Sciendum
556 3731 607 3797 cst
626 3725 738 3810 etiam,
759 3725 847 3818 qnod
866 3749 945 3810 uos,
971 3725 1098 3819 prefate
1116 3725 1245 3796 dominc
1263 3725 1351 3809 Dux,
1379 3747 1453 3796 non

274 3852 397 3925 debetis
417 3853 618 3947 imperatori,
639 3853 692 3947 qui
711 3852 809 3924 fuerit
828 3852 950 3925 clectus
968 3854 1000 3923 in
1019 3853 1168 3946 imperio,
1188 3853 1229 3924 ad
1247 3851 1352 3947 aliqua
1371 3875 1450 3922 ser·

271 3980 349 4050 uitia
372 3979 518 4052 iacienda
542 3980 754 4052 iuramentum
778 3987 927 4074 prestare
953 3985 1089 4072 propter
1112 3978 1241 4071 ediquod
1267 3979 1375 4050 datum
1393 3979 1451 4049 uel

270 4103 401 4176 feodum
414 4105 484 4176 siue
497 4105 792 4190 honorificcnciam‚
814 4129 876 4198 que
894 4105 988 4177 uobis
1008 4105 1126 4176 debeat
1139 4105 1316 4199 assignari;
1337 4111 1451 4176 tamen

271 4229 332 4316 illi,
358 4231 410 4302 uel
435 4231 506 4317 iile,
532 4257 627 4326 quem
652 4234 704 4304 uel
725 4256 807 4326 quos
825 4231 901 4304 loco
920 4239 1032 4302 uestro
1052 4233 1231 4304 statueritis
1250 4253 1349 4325 super
1368 4230 1449 4324 hijs,

272 4380 335 4454 quc
354 4357 447 4430 uobis
465 4359 586 4431 fuerint
608 4361 773 4454 asignato,
801 4359 940 4430 debcant
964 4360 1146 4430 iuramento
1163 4360 1268 4430 teneri
1288 4357 1329 4429 ad
1349 4381 1451 4429 omuc

296 4583 323 4650 ¹)
343 4583 387 4639 Sic
400 4584 452 4638 LA.
465 4585 490 4639 in
503 4585 665 4656 compendio.
684 4585 751 4640 Reli.
765 4585 850 4639 istis.
