3130 5082
189 1385 498 1813 l„

264 297 313 369 92
590 307 730 368 Binnuini
745 307 765 362 ll
780 309 931 363 Hieroson.
944 307 1110 364 Concessio.

264 477 343 548 dare
362 477 489 562 debeat,
509 485 561 550 set
578 478 660 550 liber
669 470 699 570 ¹)
725 477 844 574 ubique
865 480 996 574 dominij
1017 481 1107 573 regis
1127 502 1327 573 suorumque
1345 478 1448 548 baro-

1551 437 1563 505 ἃ

263 628 340 676 num
364 607 448 678 sicut
465 607 498 676 in
516 607 585 702 ipsa
605 605 739 678 Venetia
758 601 851 700 sit²),
879 613 1036 702 excepto,
1062 607 1189 701 qnando
1213 629 1287 678 cum
1312 605 1449 677 nauibus
1555 598 1557 601 ’

265 739 382 802 exeunt
399 735 593 826 peregrinos
612 739 792 828 portantes.
812 735 906 806 Tunc
924 735 1043 830 quippe
1061 734 1238 806 secundum
1256 735 1347 828 regis
1366 755 1449 804 con·

264 859 468 930 suetudinem
486 861 620 932 terciam
643 869 770 955 partem
797 862 857 956 ipsi
881 864 954 957 regi
973 861 1052 933 dare
1071 854 1246 956 dehent³);
1276 862 1363 930 unde
1388 883 1451 930 noa
1552 849 1563 890 ’·“

266 1009 378 1057 omnes
396 987 480 1058 Duei
500 987 735 1075 veneticorum,
752 988 792 1060 de
817 989 917 1059 lunda
936 989 1014 1084 Tyri
1034 1013 1073 1060 er
1090 995 1185 1084 parte
1202 990 1292 1082 regis
1311 991 1343 1057 in
1362 989 1459 1058 festo.
1553 977 1563 1018 'l

267 1114 490 1209 apostolorum
510 1116 598 1186 Petri
617 1123 650 1188 et
667 1117 755 1188 Pauli
775 1123 941 1188 trecentos
961 1117 992 1188 in
1007 1141 1071 1188 uno
1086 1139 1216 1211 quoque
1231 1139 1315 1186 anno
1330 1115 1452 1186 Binan-

264 1243 329 1312 tios
347 1242 520 1314 Sarracen.
542 1268 580 1314 eii
600 1243 698 1314 debiti
718 1245 910 1316 condicione
928 1245 1117 1340 persoluere
1137 1245 1303 1316 debemus.

355 1370 390 1440 Si
411 1393 490 1442 uero
511 1371 641 1464 aliquod
659 1371 812 1466 placitum
830 1372 882 1443 nel
901 1372 1116 1466 litigationem
1135 1371 1309 1442 Venetieus
1329 1362 1451 1463 erga⁴J
1554 1363 1563 1406 '⁴

247 1496 456 1568 iVeneticum
483 1497 652 1581 habuerit,
682 1500 712 1570 in
743 1501 831 1570 curia
861 1499 1089 1570 veneticorum
1118 1499 1369 1580 determinetur;
1399 1496 1454 1566 nel
1556 1493 1563 1535 ³

267 1631 361 1694 etiam
404 1648 432 1694 si
459 1624 572 1719 aliquis
600 1620 802 1718 hominum⁵)
834 1649 950 1698 uersus
975 1625 1163 1697 Veneticum
1191 1624 1367 1718 querellam
1396 1629 1454 1693 aut
1558 1645 1563 1660 ·‘

266 1749 480 1843 litigationem
499 1751 664 1836 habuerit,
684 1754 716 1822 in
734 1753 848 1824 eadem
867 1755 956 1824 curia
976 1753 1205 1824 veneticorum
1225 1741 1452 1858 diffiniatur⁶).

268 1874 386 1948 Verum
405 1879 432 1946 si
451 1877 624 1949 Venetieus
639 1902 737 1972 super
752 1879 926 1973 quemlibet
943 1880 1037 1950 alium
1056 1879 1217 1950 hominem
1233 1901 1327 1972 quani
1341 1876 1453 1948 Vene-
1561 1889 1563 1904 ⁴

267 2005 366 2074 ticum
385 2004 559 2078 clamorem
576 2006 703 2090 lecerit,
723 2007 755 2078 in
774 2007 863 2078 curia
881 2008 971 2100 regis
990 2007 1190 2079 emendetur.

359 2133 497 2228 insuper
515 2135 543 2204 si
562 2133 736 2206 Venetiena
761 2133 928 2206 ordinatus
946 2135 999 2206 uel
1024 2135 1244 2217 inordinatus,
1274 2131 1364 2226 quod
1390 2156 1454 2202 nos
1557 2132 1563 2174 ³

268 2262 344 2330 aine
358 2260 476 2354 lingua
491 2260 637 2344 dicimus,
656 2259 787 2348 obierit,
806 2285 861 2332 res
881 2285 940 2333 sue
959 2263 991 2332 in
1010 2267 1207 2357 potestatem
1222 2260 1456 2331 veneticorum
1560 2263 1563 2304 ³

268 2387 415 2460 redeant.

377 2513 414 2583 Si
443 2513 540 2584 etiam
567 2513 680 2608 aliquia
708 2513 936 2584 Veneticorum
963 2515 1169 2608 naufragium
1196 2537 1313 2607 passus
1341 2511 1456 2594 luerit,
1549 2468 1555 2481 Ι

271 2641 428 2712 derebus
448 2642 514 2712 suis
533 2641 653 2712 nullum
678 2642 818 2736 patiatur
843 2641 1032 2734 dampnum3
1062 2648 1113 2711 set
1131 2641 1159 2712 si
1177 2641 1210 2711 in
1228 2643 1299 2736 ipso
1319 2640 1456 2710 naufra-

271 2769 327 2864 gio
347 2777 493 2842 mortuus
511 2771 626 2856 luerit,
653 2771 827 2844 heredibus
847 2773 914 2842 suis
933 2777 988 2843 ant
1005 2771 1169 2844 Venetieis
1188 2795 1242 2842 res
1261 2793 1320 2841 sue
1343 2791 1456 2840 renia-
1561 2781 1563 2790 ’

273 2903 382 2967 neant.

358 3025 512 3094 Preterca
531 3048 631 3120 super
644 3023 828 3118 burgenses
843 3025 998 3120 cuiusque
1013 3025 1133 3119 gentis,
1147 3023 1222 3116 [aa]
1236 3024 1301 3094 sint
1319 3023 1351 3092 in
1370 3021 1456 3092 uicis
1551 3006 1563 3076 l

273 3145 421 3243 eorum⁷)
447 3150 641 3236 habitantes,
669 3159 702 3222 et
722 3175 822 3246 super
840 3151 955 3224 domos
977 3175 1089 3223 eorum
1109 3151 1240 3221 easdem
1259 3149 1404 3220 iusticias
1424 3154 1459 3218 et

273 3277 538 3360 consuetudines,
558 3301 639 3371 quaa
657 3301 716 3348 rex
735 3302 834 3373 snper
852 3303 930 3350 suos
948 3279 1057 3362 habet,
1076 3277 1221 3348 Venetici
1241 3276 1392 3348 habeant.

360 3405 507 3498 Denique
527 3404 662 3476 duarum
680 3407 860 3490 sinotum
876 3407 954 3501 Tyri
973 3413 1007 3478 et
1020 3405 1202 3489 Ascalonia,
1221 3405 1356 3474 terciam
1374 3426 1455 3498 par·

272 3539 338 3604 tem
357 3556 430 3604 eum
449 3534 515 3602 suis
539 3533 762 3627 pertinenoijs,
786 3540 819 3605 ct
841 3541 1001 3605 terrarum
1025 3533 1085 3604 sibi
1110 3532 1343 3628 pertinencium
1362 3553 1381 3600 a
1402 3530 1455 3600 die

273 3660 377 3730 sancti
398 3659 486 3730 Petri
509 3661 699 3732 Sarracenis
723 3667 847 3732 tantum
873 3661 1106 3743 seruiencium,
1131 3682 1193 3752 que
1219 3681 1285 3728 non
1314 3663 1391 3728 sunt
1422 3659 1454 3726 in

272 3785 418 3856 manibus
444 3788 663 3870 mancorum,
698 3810 777 3880 quas
806 3787 885 3857 deus
914 3811 972 3858 sua
998 3785 1220 3856 misericordia
1251 3806 1311 3879 per
1339 3805 1455 3853 eorum

273 3912 420 3983 auxilium
434 3919 468 3983 et
485 3911 630 3983 laborem
645 3920 702 3984 aut
714 3911 844 4006 aliquod
858 3913 1021 4006 ingenium
1031 3911 1287 3986 Christianorum
1306 3910 1455 3981 manibus

301 4229 369 4303 ¹)li
378 4229 446 4285 lieri
460 4231 526 4284 llur.
914 4233 942 4304 ⁵)
960 4231 1130 4286 lionrollur.

296 4321 374 4396 'lsi
382 4341 447 4378 cex
453 4324 552 4378 e..llni·
916 4322 945 4396 ⁸)
965 4323 1212 4377 determinetur
1227 4321 1366 4377 veldilf.
1387 4321 1454 4374 llur.

314 4413 329 4486 )

349 4413 572 4558 debeantglnr.
916 4413 944 4486 ⁷)
964 4413 1373 4471 siiniiciseor.aintliab.
1387 4413 1455 4468 llur.

300 4412 312 4448 ι

299 4503 385 4578 “)0
