3110 5080
289 351 366 424 462
691 360 829 414 Paarrrro
842 376 929 416 suoru
943 361 1063 416 Gnarus.

287 526 395 608 Angeli
421 524 556 612 (1185),
586 525 721 590 obnoxia.
753 527 851 590 Asiam
876 526 1018 613 (lipsiam
1040 530 1071 589 et
1093 524 1280 612 Bithyniam)
1307 525 1468 610 Imperator

288 635 402 700 electus
428 633 633 716 seligendus
660 635 764 699 melius
787 634 853 702 aliis
874 635 1041 708 obtinebat,
1070 639 1172 720 utpote
1199 635 1384 720 provinciam
1412 653 1467 698 non

288 747 410 809 minoris
427 745 577 817 momenti,
594 765 680 830 quam
693 745 875 808 antecedens
888 745 983 830 portio
996 745 1156 816 Thracica,
1169 743 1241 808 licet
1252 744 1364 807 ambitu
1378 745 1468 808 maio-

224 867 227 871 ·
288 873 361 924 rem,
378 853 599 936 acquirentibus
616 874 686 918 vero
702 853 816 918 Latinis
833 853 1034 918 difficiliorem
1050 853 1149 937 quoad
1163 853 1284 917 tutelam
1301 858 1333 916 et
1348 873 1467 937 posses·

288 963 412 1026 sionem.
437 961 509 1024 Eam
525 962 602 1025 enirn
619 961 669 1026 alii
684 962 768 1026 brevi
790 969 874 1035 anto,
898 964 986 1028 immo
1003 962 1109 1027 eodem
1125 967 1260 1046 tempore
1275 981 1467 1046 preoccupa-

286 1075 400 1142 verant,
413 1070 626 1154 Trapezuntini
639 1071 725 1155 regni
734 1072 821 1136 modo
829 1071 943 1136 conditi
953 1073 1126 1155 imperator,
1140 1069 1280 1134 Nicenus
1296 1069 1467 1154 Imperator,

287 1179 525 1244 ildebrandinus
541 1178 643 1254 ltalus,
660 1181 788 1246 fortasse
800 1181 859 1246 alli.
877 1182 974 1246 anoa
987 1199 1059 1246 vero
1072 1180 1236 1246 iconiensis
1249 1181 1394 1245 interiora
1406 1180 1467 1244 iero

287 1288 384 1352 omnia
407 1288 547 1369 jamtum
569 1293 674 1352 tenens
696 1309 790 1374 prope
813 1289 933 1362 aberat,
957 1290 1046 1354 immo
1068 1289 1266 1374 undequaque
1288 1287 1465 1352 imminebat.

287 1395 367 1478 Ergo
384 1395 523 1460 Thraciae
539 1395 741 1460 meridionalis
757 1397 943 1480 particulam,
960 1419 1018 1463 non
1034 1396 1158 1482 amplius
1179 1395 1321 1484 (bulgari
1332 1396 1467 1474 Thracia

287 1503 413 1586 plurima
441 1511 503 1568 tum
527 1503 588 1586 jann
617 1503 787 1590 tenebant),
817 1505 999 1576 defendere,
1026 1507 1103 1570 dsiae
1124 1525 1195 1570 vero
1223 1503 1387 1590 particulas
1415 1523 1468 1566 uon

285 1616 408 1684 tenere,
432 1613 487 1678 sed
503 1617 564 1677 tum
580 1614 704 1698 primum
721 1632 891 1698 expugnare
907 1614 1038 1678 debebat
1052 1614 1216 1698 imperator
1231 1613 1413 1685 balduinus,
1428 1612 1469 1674 vir

283 1721 401 1803 juvenis
417 1719 556 1807 belloque
575 1727 732 1795 strenuus;
755 1723 828 1786 licet
849 1729 1006 1809 utrumque
1028 1723 1104 1786 male
1127 1724 1223 1787 eidem
1246 1723 1381 1786 cessisse
1401 1741 1469 1784 con·

237 1869 241 1878 ·
287 1837 356 1896 stat.
394 1831 548 1914 Siquidem
572 1829 693 1914 bulgari
728 1839 796 1916 post
821 1831 966 1916 proelium
993 1833 1284 1916 Adriancpolitanum
1309 1831 1467 1895 Thraciam

287 1939 529 2012 meridionalem,
551 1945 677 2023 excepta
700 1938 958 2023 Constantinopoli
982 1945 1011 2004 ct
1032 1941 1194 2004 vicinarum
1216 1939 1335 2004 urbium
1358 1959 1417 2003 una
1440 1943 1469 2001 et

287 2047 391 2121 altera,
415 2049 480 2112 lere
503 2053 594 2112 totam
615 2047 698 2112 brevi
716 2054 784 2133 post
799 2049 825 2111 si
842 2069 899 2112 non
916 2055 1130 2133 expugnarunt,
1154 2055 1254 2112 tamen
1269 2053 1426 2113 raserunt
1440 2052 1469 2112 et

287 2160 490 2243 expolinrunt;
522 2161 591 2222 alsia
617 2179 690 2224 vero
718 2180 794 2223 anno
819 2159 880 2241 jam
910 2160 996 2226 1207
1024 2161 1123 2224 batini
1150 2163 1267 2226 omnino
1294 2159 1468 2224 decessisse

287 2268 434 2334 ridentur.
455 2305 499 2316 -
526 2267 708 2331 bonifacium
734 2267 953 2340 marchionem,
980 2269 1042 2350 eni·
1058 2269 1114 2332 line
1143 2265 1468 2348 anni1204regnum

286 2376 559 2440 Thessalonicense
583 2377 764 2456 assignatum
787 2376 860 2452 luit,
881 2375 972 2440 rebus
995 2377 1057 2440 suis
1079 2377 1157 2440 haud
1173 2375 1250 2440 male
1266 2375 1467 2446 consuluisse,

288 2486 334 2549 rix
349 2485 417 2558 erit,
434 2484 512 2571 qnod
529 2484 626 2549 denno
642 2489 804 2549 moneatur.
829 2485 901 2569 Ejus
922 2486 1089 2570 portionem
1114 2485 1256 2572 (regnum
1273 2486 1467 2550 Thessaloni·

285 2593 395 2680 conse)
413 2594 574 2658 secundam
591 2593 652 2658 dici
669 2593 732 2676 jam
748 2613 839 2679 posse
855 2599 994 2678 apparet,
1017 2596 1140 2680 primam
1157 2595 1346 2678 Imperatoris
1371 2595 1467 2680 (quod

286 2704 386 2787 placet
408 2702 505 2768 codici
530 2703 574 2766 st.
598 2703 720 2787 htarci),
743 2705 861 2767 tertiam
880 2703 1059 2768 Venetorum
1082 2704 1239 2790 (primam,
1264 2703 1344 2788 quod
1370 2703 1469 2786 placet

285 2812 378 2876 Libro
394 2812 469 2876 Albo
485 2811 644 2897 [librisque
660 2810 849 2898 Paetorum).
871 2819 1002 2898 quartam
1020 2813 1148 2900 denique
1162 2813 1408 2896 Peregrinarum.
1426 2849 1464 2858 -

286 2921 426 2986 Ceterum
452 2923 598 2986 bonifacii
621 2941 739 3007 qnoque
766 2924 863 3007 portio
890 2923 954 2986 riro
980 2943 1076 3006 gnaro
1104 2929 1285 3008 strenuoque
1312 2921 1468 3008 (quierat

286 3029 438 3116 marchio)
454 3033 655 3114 maximopere
671 3030 836 3112 indigebat,
862 3029 1057 3113 bulgarorum
1074 3036 1105 3095 et
1121 3031 1298 3097 Vlachcrum
1315 3031 1467 3094 incursio-

286 3137 372 3202 nibus
387 3159 445 3202 non
463 3140 568 3214 minus,
585 3159 671 3224 qnam
687 3139 816 3202 Thracia
833 3138 920 3223 Cpoli
936 3139 1041 3212 vicina,
1059 3139 1104 3204 bis
1121 3137 1213 3202 semel
1230 3145 1291 3202 turn
1307 3144 1422 3202 tentata
1439 3142 1469 3200 et

284 3253 397 3312 vexata.
414 3247 571 3328 Peregrini
587 3248 732 3332 portionis
748 3267 810 3310 sue
826 3247 948 3312 alteram
964 3255 1079 3332 partem
1092 3249 1121 3311 in
1134 3247 1309 3311 Macedonia
1321 3247 1467 3310 occiden-

283 3358 345 3428 tali,
361 3355 533 3428 Thessalia,
559 3355 675 3420 Graecia
698 3360 779 3419 extra
801 3357 957 3429 Isthmum,
981 3355 1171 3429 obtinebant,
1196 3361 1227 3420 et
1242 3377 1278 3420 ea
1290 3355 1413 3442 quidem
1430 3355 1466 3419 ab

284 3464 422 3530 hostibus
439 3465 510 3528 satis
527 3471 599 3528 tuta.
624 3464 746 3549 Reliqua
764 3463 887 3529 Venetis
903 3464 1056 3547 obtigere,
1080 3465 1199 3529 scilieet
1219 3465 1367 3549 portionis
1382 3465 1468 3548 ipso·

282 3595 347 3638 rum
364 3593 434 3658 pars
451 3574 554 3646 altera,
573 3574 710 3638 nimirum
725 3579 815 3638 terra
831 3573 1078 3638 antecedentibus
1095 3574 1184 3638 multo
1201 3575 1297 3655 magis
1309 3574 1467 3658 spatiosae,

283 3683 481 3768 Peloponnesi
494 3682 650 3764 permulta,
663 3683 788 3753 Aetolia,
800 3683 975 3754 Acarnania,
992 3681 1110 3766 Epirus,
1120 3701 1186 3747 cum
1199 3681 1305 3746 insulis
1319 3701 1466 3766 perquam

284 3793 394 3858 multis.
418 3791 617 3855 Mercatorum
632 3792 753 3854 istorum
766 3793 795 3854 in
808 3791 855 3855 his
871 3792 1055 3877 prudentiam
1072 3792 1273 3878 unusquisque
1290 3792 1467 3875 perspiciet

284 3901 397 3983 Quanta
413 3902 491 3964 enirn
507 3901 625 3964 litorum
642 3901 851 3964 maritimorum
867 3901 1087 3985 insularumque
1103 3901 1231 3966 utilitasl
1257 3900 1376 3982 Quanta
1393 3901 1469 3964 reli-

62 4065 65 4072 .
157 4037 163 4049 ·
285 4031 410 4096 quornm
427 4009 735 4093 locorumcccupandi
749 4011 972 4094 opportunitas!
990 4012 1063 4092 Quae
1075 4031 1147 4075 vero
1164 4017 1309 4074 terrarum
1327 4011 1467 4092 assigna-

284 4125 379 4183 tarum
401 4119 574 4200 magnitudo
596 4139 630 4182 ac
653 4120 841 4202 prestantia!
865 4120 979 4182 Praeter
1000 4117 1111 4184 insulas
1127 4125 1226 4182 brnen
1242 4118 1327 4181 initio
1344 4135 1409 4182 sua
1426 4117 1468 4181 ibi

285 4227 492 4292 dominationis
507 4229 610 4293 Veneti
627 4248 683 4290 non
701 4229 822 4293 multum
835 4235 924 4292 terrae
936 4229 1117 4292 continentis
1136 4246 1303 4312 occupasse
1315 4226 1466 4290 videntur.

285 4336 407 4421 Epirum
432 4338 509 4401 enirn
530 4357 596 4401 cum
614 4340 774 4402 Acarnania
796 4343 883 4422 atque
905 4338 1022 4402 Aetolia
1046 4337 1186 4424 (Vlaohia
1208 4333 1353 4420 minore),
1377 4336 1465 4397 immo

286 4447 376 4508 etiam
392 4445 558 4510 Thessalia
580 4444 733 4533 (Vlachiae
754 4446 890 4526 maioris)
913 4445 992 4509 haud
1016 4466 1110 4529 pauca
1134 4445 1286 4528 Despotae,
1313 4464 1388 4528 quos
1405 4449 1465 4506 tum

285 4552 440 4624 dicebant,
464 4554 546 4636 Epiri
567 4553 655 4618 modo
678 4560 857 4638 occuparant
887 4554 997 4638 diuque
1025 4555 1184 4626 tenebant;
1214 4553 1465 4637 Peloponnesum,
