3130 5082
318 362 467 417 Srarnmu
480 363 604 419 cascum
619 381 757 419 annornm
770 381 942 420 aunononuu
957 363 1003 418 Cr.
1181 351 1249 423 131

69 529 209 600 omuibus
237 534 308 602 suis
332 534 553 606 mansionibus
578 541 612 605 ot
640 535 792 618 edificiis,
821 559 883 628 que
904 559 970 628 ego
990 557 1091 627 super
1117 533 1256 604 eandem

14 699 15 736 ς
69 661 183 726 terram
202 657 276 727 fieri
295 659 372 742 ieci,
392 666 426 730 ct
447 683 520 730 cum
541 661 689 732 omnibus
709 662 778 732 suis
798 659 964 730 babenciis
985 667 1019 730 et
1037 659 1256 752 pertinentiis,

69 781 148 850 intus
169 788 205 852 ct
223 781 321 865 ioris,
339 807 469 856 sursum
484 793 519 855 ct
533 786 699 870 deursum,
721 809 784 878 que
795 793 861 856 tam
876 791 992 878 suptus
1006 791 1140 869 terram,
1162 807 1257 878 quam

70 929 164 999 supra
188 915 315 979 terram
341 911 384 980 ibi
411 912 529 981 adesse
554 918 750 995 noscuntur,
775 911 832 980 tibi
858 912 890 981 in
916 912 1057 1005 pignore
1083 912 1180 1003 posui
1198 933 1259 1004 per

71 1034 227 1104 cautionis
238 1035 408 1119 cartulam,
424 1060 520 1130 quam
534 1039 593 1108 tibi
607 1038 684 1119 ieci,
700 1037 925 1107 continentem
941 1037 981 1106 de
993 1037 1162 1129 capitanea
1177 1060 1257 1129 pcr-

70 1182 164 1250 peros
184 1163 256 1232 auri
276 1162 382 1233 bonos
403 1186 506 1233 novos
524 1169 680 1256 pesantes
700 1164 914 1254 octingentos
932 1163 1047 1256 viginti
1067 1162 1162 1233 duca.

14 1281 15 1324 ⁷
154 1286 226 1357 Sed
242 1289 317 1380 quia
335 1289 367 1358 in
387 1291 528 1358 termino
543 1291 726 1360 constituto
742 1287 858 1358 exinde
878 1296 912 1358 tc
931 1289 1061 1360 minime
1081 1287 1258 1358 deliberavi

14 1429 16 1486 ζ
72 1421 101 1480 et
117 1415 275 1506 apagavi,
304 1413 380 1482 idco
400 1421 538 1507 propter
557 1415 663 1509 capud
682 1423 716 1486 ct
736 1413 867 1506 duplum
892 1413 933 1483 de
958 1414 1030 1505 ipso
1054 1420 1114 1484 tuo
1139 1437 1259 1505 supra-

14 1527 15 1532 *
71 1540 187 1632 scripto
208 1539 322 1631 precio
341 1546 413 1609 tota
432 1542 658 1633 prenominata
676 1548 778 1624 terra,
800 1563 874 1610 cum
893 1539 1044 1610 omnibus
1058 1539 1127 1609 suia
1146 1539 1259 1631 preta-

14 1711 16 1730 .
71 1663 109 1731 tis
134 1665 358 1734 mansionibus
386 1671 420 1734 ct
447 1665 598 1748 edificiis,
635 1667 781 1758 copertis
810 1673 845 1734 et
873 1651 1088 1756 discopertis,
1125 1671 1158 1734 et
1186 1687 1259 1734 cum

14 1825 16 1878 3
72 1789 217 1860 omnibus
236 1789 305 1860 suis
324 1789 488 1862 babentiis
508 1797 543 1860 et
565 1791 784 1882 pertiuentiis,
804 1792 892 1862 intus
912 1799 947 1860 et
964 1791 1058 1873 ioris,
1078 1812 1206 1860 sursum
1227 1796 1261 1860 et

14 1993 16 2000 ¹
71 1913 239 1998 deorsum,
267 1937 331 2008 que
351 1923 417 1986 tam
436 1917 552 1988 subtus
580 1921 721 1999 terram,
747 1939 843 2010 quam
862 1941 961 2010 supra
980 1923 1104 1986 terram
1122 1917 1165 1986 ibi
1186 1939 1261 1986 esse

14 2113 16 2128 ἶ
74 2048 263 2124 noscuntur,
287 2042 319 2110 in
339 2049 482 2134 unoque
502 2041 631 2125 ordine,
651 2041 738 2112 siout
756 2043 796 2112 ab
817 2042 1007 2114 auctoribus
1027 2048 1061 2112 et
1078 2048 1260 2136 producto-

14 2211 16 2252 ,
72 2165 159 2236 ribus
175 2175 209 2236 et
225 2169 480 2260 asuprascripto
495 2166 611 2238 Nicola
624 2167 746 2249 Piilari,
767 2171 889 2252 Gracc,
903 2166 1099 2250 scitharum
1118 2174 1260 2251 retenta,

14 2287 16 2350 J
73 2301 138 2360 eta
160 2313 211 2360 mc
230 2299 370 2362 actenus
388 2315 491 2384 usque
511 2293 609 2363 modo
629 2293 813 2376 dominata,
839 2295 885 2364 ita
903 2295 934 2363 in
954 2301 1009 2364 tua
1030 2301 1065 2364 et
1082 2315 1261 2364 successo-

14 2395 16 2514 p
72 2437 137 2485 rum
165 2425 298 2488 tuorum
323 2417 509 2510 plenissimo
534 2429 704 2490 remaneat
732 2426 900 2512 potestate
925 2419 1084 2502 habendi,
1113 2419 1259 2502 tenendi,

14 2517 17 2648 i
71 2542 254 2626 uendendi,
289 2543 452 2628 donandi,
489 2545 676 2616 comutandi
704 2551 738 2615 et
772 2546 805 2615 in
832 2551 1028 2638 perpetuum
1055 2543 1260 2637 possidendi,

72 2675 125 2738 aut
150 2669 309 2763 quicquid
338 2671 430 2740 vobis
458 2669 637 2764 placuerit,
669 2671 826 2754 faciendi,
861 2693 935 2742 cum
964 2673 1050 2740 omni
1082 2671 1198 2764 rigore
1228 2675 1263 2738 et

14 2837 17 2910 p
71 2793 191 2866 robore
211 2795 253 2865 de
271 2796 343 2888 ipsa
369 2797 591 2890 suprascripta
617 2797 777 2868 cautionis
802 2795 951 2878 carbula,
979 2819 1075 2888 quam
1100 2796 1199 2866 etiam
1221 2795 1262 2866 de

14 2915 16 2970 i
72 2921 219 2991 omnibus
238 2921 374 2992 cartulis
394 2921 573 3014 majoribus
588 2922 836 3004 ac-minoribus,
856 2923 949 2992 novis
969 2927 1003 2992 et
1020 2922 1200 3006 veteribus,
1221 2921 1263 2992 ad

14 2979 18 3130 i
73 3047 207 3116 eandem
224 3055 362 3132 terram,
388 3055 422 3119 ct
440 3048 662 3118 mansionibus
680 3071 754 3118 cum
775 3048 924 3118 omnibus
943 3049 1011 3118 suis
1030 3047 1163 3118 edificiis
1182 3071 1263 3141 per-

14 3131 18 3296 i
74 3170 269 3254 liuentibus,
299 3174 389 3245 nullo
414 3175 508 3246 vobis
532 3175 662 3244 bomine
690 3173 957 3258 contradicente,
986 3175 1062 3267 quia
1086 3173 1164 3244 nibil
1188 3173 1264 3244 inde

14 3299 16 3364 i
74 3301 239 3382 remansit,
259 3301 349 3393 quod
367 3323 427 3370 vos
446 3299 581 3394 amplius
600 3298 769 3391 requirere
788 3298 976 3372 debeamus.

14 3421 16 3430 ’
160 3425 286 3496 Tamen
307 3427 382 3518 quia
401 3448 467 3518 ego
488 3424 638 3496 omnibus
657 3425 773 3496 diebus
793 3426 877 3496 ritae
902 3449 974 3496 mec
993 3426 1100 3497 debeo
1120 3431 1210 3496 stare
1230 3431 1265 3496 et

74 3547 218 3621 babitare
244 3550 357 3621 inillis
377 3551 507 3623 duobus
526 3550 692 3634 cuunclis,
721 3573 794 3621 eum
819 3553 886 3622 suis
913 3551 989 3622 salis
1015 3558 1048 3621 et
1074 3553 1201 3623 ciiacon
1222 3551 1264 3621 de

14 3745 15 3776 ,
73 3675 227 3765 predictis
254 3677 494 3760 mansionibus,
527 3685 561 3749 et
588 3699 661 3747 mea
690 3677 831 3747 seruicia
857 3678 901 3748 ibi
927 3679 1057 3762 iacere,
1088 3677 1204 3750 diebus
1231 3683 1265 3746 et

74 3802 236 3885 noctibus,
254 3825 317 3895 per
331 3827 382 3873 me
398 3809 432 3874 et
445 3825 505 3897 per
520 3826 627 3874 mcum
647 3803 779 3872 missum
795 3804 865 3872 sine
882 3806 969 3873 omni
989 3804 1129 3875 dacione
1148 3804 1264 3898 precii,

14 3945 16 3990 ;
76 3933 106 3994 ct
132 3927 240 3998 debeo
270 3928 419 3998 similiter
447 3928 570 3999 habere
598 3927 651 3998 illa
679 3951 820 4010 canera,
850 3951 914 4022 que
943 3937 995 4000 est
1021 3931 1129 4022 posita
1158 3952 1265 4024 prope

14 4109 15 4134 ,
73 4073 98 4120 s
117 4055 302 4146 Georgium
321 4055 364 4124 de
384 4053 545 4127 barmiro.

14 4177 15 4184 ’
160 4181 236 4272 ago
267 4201 400 4272 quoque
429 4179 535 4250 debeo
565 4188 778 4250 manutenere
806 4181 885 4273 ipsis
909 4180 1039 4252 duobus
1065 4180 1212 4252 ouunclis
1233 4188 1267 4252 et

14 4267 16 4400 i
74 4301 145 4373 salis
171 4312 207 4376 et
234 4303 365 4376 eliacon
384 4315 419 4378 et
443 4307 532 4378 dicta
551 4329 675 4378 caneva
694 4306 726 4376 in
745 4306 844 4375 tectis
863 4313 897 4376 et
915 4308 1036 4378 ceteris
1056 4305 1266 4390 necessariis,

74 4431 266 4522 usquedum
283 4432 411 4513 vixer03
440 4433 481 4504 ad
501 4432 626 4502 obitum
645 4453 785 4523 namque
804 4453 911 4502 meum
930 4433 1051 4505 debent
1076 4433 1140 4506 bec
1159 4433 1267 4504 omnia

1011 4623 1051 4680 90
