3120 5078
299 385 374 454 362
468 397 585 450 Psoron
599 396 737 450 Bmounu
751 395 875 452 Furnos.
890 413 972 452 cerr.
986 413 1044 452 cusu
1057 397 1144 450 fluns.
1158 395 1304 451 Dnnouuo.

399 567 433 636 Si
455 567 542 660 quod
562 569 656 638 etiam
682 575 919 640 sacramentum
938 569 1039 640 Vobis
1056 569 1088 638 in
1107 568 1237 638 nomine
1255 568 1328 661 ejus
1347 567 1485 638 iecisse-

297 715 385 774 mus,
411 700 515 764 ratum
543 695 670 764 tenebit
688 701 721 765 et
738 695 873 776 tirmiter
892 696 1096 778 observabit,
1126 703 1160 766 et
1178 696 1210 765 in
1230 696 1368 766 animam
1388 719 1480 765 suam

298 826 331 888 et
349 826 499 913 tanquam
518 845 536 891 a
555 845 592 891 se
611 822 732 893 factum
752 825 882 916 penitus
901 825 1075 918 reputabit.

382 947 565 1042 Eapropter
580 949 667 1022 dedit
685 951 780 1022 nobis
792 974 1023 1045 pergamenum
1038 951 1101 1022 hoe
1114 973 1260 1033 uacuum,
1283 974 1344 1022 suo
1367 949 1475 1043 sigillo

297 1074 463 1158 munitum,
484 1076 515 1144 iu
536 1099 600 1167 quo
620 1077 798 1161 scribetur,
818 1079 1000 1173 predictum
1014 1079 1164 1150 comitem
1177 1089 1284 1148 ratum
1302 1084 1337 1147 et
1355 1077 1479 1148 firmum

296 1201 430 1285 habere,
451 1203 601 1295 quicquid
620 1227 681 1298 pro
701 1227 741 1276 eo
762 1204 934 1276 Vobiscum
954 1211 1181 1276 statueremus.

385 1329 566 1400 duravimus
591 1332 686 1400 etiam
711 1355 851 1425 pernes
871 1339 904 1403 et
922 1356 1022 1426 super
1040 1333 1176 1402 animam
1194 1330 1332 1426 predicti
1359 1330 1479 1400 domini

297 1459 413 1540 nostri,
434 1457 522 1549 quod
541 1480 589 1540 ea,
610 1481 673 1551 que
687 1459 898 1530 continentur
916 1460 948 1532 io
966 1461 1180 1530 instrumento
1198 1459 1371 1552 pactionis,
1392 1457 1479 1550 quod

297 1583 432 1654 fecimus
447 1583 548 1654 Vobis
563 1607 646 1654 auno
661 1584 752 1656 uerbi
767 1587 925 1658 incarnati
939 1587 1106 1658 millesimo
1122 1586 1346 1658 ducentesimo
1362 1586 1479 1678 primo,

298 1709 451 1803 quodque
477 1711 590 1804 sigillis
616 1712 739 1782 uostris
759 1713 964 1797 munivimus,
988 1715 1112 1784 firmum
1132 1713 1167 1784 et
1184 1721 1289 1784 ratum
1309 1711 1481 1782 habebitur

296 1861 356 1930 per
371 1861 455 1922 eum,
476 1847 508 1910 et
526 1839 591 1911 hoo
609 1863 724 1933 perse
738 1841 875 1934 jurabit,
896 1849 928 1914 et
943 1842 1024 1912 alios
1039 1864 1118 1912 suos
1133 1839 1247 1932 jurare
1260 1840 1371 1921 faciet,
1392 1837 1481 1932 quod

298 1967 341 2038 ita
362 1967 424 2038 erit
442 1967 576 2038 firmiter
596 1967 816 2040 observatum.

385 2091 504 2166 Actum
523 2094 644 2164 Vsnsus
666 2095 780 2166 eodem
800 2097 949 2189 predicto
969 2119 1073 2178 anno,
1099 2117 1211 2166 mense
1228 2094 1368 2188 Aprilis,
1395 2093 1479 2165 iodi-

297 2222 407 2292 ctione
426 2229 552 2314 quarta.

839 2367 934 2440 xuni.

298 2489 414 2552 tectam
429 2488 538 2551 domist
554 2487 689 2552 helduini
706 2489 820 2552 sentus
836 2489 1035 2570 strueremus,
1052 2495 1082 2554 et
1097 2488 1257 2552 Vheebstdt
1274 2488 1393 2552 canitis
1409 2488 1476 2552 'dre-

296 2598 393 2661 ceasls
404 2594 441 2682 ¹),
465 2602 495 2660 et
510 2597 645 2660 hederis!
661 2598 776 2661 eenttts
791 2597 955 2680 blesensis,
978 2595 1124 2682 tectum)
1147 2617 1210 2662 cum
1226 2597 1344 2680 pretate
1361 2597 1477 2662 deniae

401 2706 522 2772 lende·
538 2705 682 2784 bestris,
704 2707 781 2772 hsce
796 2709 924 2790 Vesette,
940 2727 994 2792 prs
1010 2709 1146 2792 pessegte
1164 2713 1243 2772 terre
1259 2713 1373 2770 suste.

711 2829 742 2882 A.
761 2830 786 2883 d.
808 2831 887 2891 1201,
905 2849 937 2883 m.
958 2831 1065 2904 Aprilis.

387 2941 480 3005 Liber
495 2941 586 3004 Albus
603 2943 654 3006 toi.
673 2943 814 3005 26-28.
840 2942 932 3006 Liber
945 2942 1101 3006 Paetorum
1114 2941 1135 3013 1,
1154 2940 1217 3005 145
1235 2961 1279 3024 sq.
1305 2939 1429 3004 Pactum
1444 2960 1477 3002 er

298 3051 364 3114 cod.
392 3051 492 3115 Ambr.
522 3049 616 3113 edidit
643 3051 875 3115 Muratorius
908 3053 944 3115 ad
972 3051 1137 3134 marginem
1165 3051 1302 3114 chronici
1334 3047 1477 3112 Danduiei

298 3161 315 3223 Ι.
335 3181 361 3224 e.
379 3181 407 3244 p.
435 3161 500 3224 323
523 3181 567 3245 sq.
601 3159 761 3244 Excerpsit
784 3163 872 3246 inque
901 3167 968 3225 ceto
997 3162 1124 3244 capitula
1152 3159 1281 3241 digessit
1309 3159 1477 3222 Marinus

298 3271 317 3334 Ι.
334 3291 360 3333 c.
378 3271 426 3342 IV,
444 3291 472 3354 p.
493 3271 533 3334 17
549 3289 594 3354 sq.

387 3380 557 3442 Andreas
585 3379 783 3443 Dandutus
812 3378 831 3442 Ι.
859 3400 884 3442 c.
911 3401 939 3463 p.
970 3378 1051 3442 32οι
1088 3378 1178 3443 Auno
1204 3379 1307 3442 Ducis
1337 3375 1476 3464 [hienrici

300 3485 441 3574 Danduti]
470 3489 589 3553 decimo
617 3487 723 3552 nuntii
749 3488 903 3554 Bulduiui
928 3488 1050 3552 comitis
1076 3487 1300 3562 diundreusrir,
1329 3484 1479 3552 Ludcoici

298 3599 419 3664 comitis
435 3599 593 3663 ucrensis
612 3605 643 3661 et
661 3597 834 3662 Theobuldi
848 3597 970 3662 comitis
989 3598 1153 3662 Treceusis
1169 3597 1309 3662 Venistine
1325 3595 1475 3662 aeceden-

299 3715 357 3782 tes,
382 3729 450 3772 casm
470 3707 560 3771 Duce
576 3714 606 3770 et
626 3705 743 3770 Venetis
760 3728 824 3793 pro
847 3706 1088 3792 recuperatione
1108 3706 1307 3772 Hierusalem
1330 3714 1362 3769 et
1378 3702 1478 3769 suncti

297 3815 460 3903 sepulchri
483 3815 700 3899 confoederati
719 3823 801 3879 suut.
825 3815 884 3879 Eis
909 3815 990 3879 cuim
1008 3815 1157 3900 promisit
1173 3815 1252 3879 Dur
1267 3817 1478 3902 prepucium·

296 3925 433 3988 millibus
448 3931 480 3988 ct
496 3923 673 4010 puiupcntis
689 3923 843 4010 equitibus
859 3931 890 3988 ct
906 3929 975 3988 outo
990 3923 1127 3988 millibus
1143 3923 1305 4010 peditibus
1326 3923 1475 4005 transfre-

298 4033 404 4098 tandie
419 4033 549 4119 uuoiffl'a
564 4039 595 4096 et
609 4032 761 4098 uicturuliu
776 4041 957 4119 opportuna
973 4055 1078 4097 eorum
1094 4033 1253 4104 sumtibus,
1277 4039 1310 4096 er
1325 4033 1475 4119 qsdupuu·

293 4143 384 4229 piretu
393 4145 504 4228 pulsus
515 4142 683 4227 stipendiis
698 4143 877 4208 Venestorum
886 4151 1092 4230 proepurutas
1104 4163 1198 4231 psum
1209 4142 1304 4207 citius
1315 4141 1474 4204 exhihere.

326 4338 349 4406 Ι)
369 4339 550 4391 Vreeersis
570 4340 635 4391 hene
657 4339 734 4392 Andr.
749 4340 883 4392 Danduius
902 4339 926 4392 in
948 4341 1005 4392 ioco
1019 4339 1096 4392 modo
1110 4339 1229 4397 citando:
1248 4337 1473 4392 Trecenensis

373 4427 528 4482 hturutorius
542 4429 684 4482 secundnm
698 4429 756 4482 cod.
771 4431 900 4492 Ambros,
918 4433 979 4484 item
995 4431 1046 4482 hd.
1060 4433 1088 4482 et
1102 4429 1150 4482 hP.
1169 4429 1358 4499 significantur
1368 4429 1475 4482 Troos

371 4519 514 4592 (frepus),
528 4519 736 4574 Franco-Gettire
749 4520 843 4574 civitas
857 4520 1000 4574 notissima.

326 4609 354 4682 Β)
376 4611 515 4662 fratrum
534 4609 599 4662 hiur.
