3110 5080
513 375 649 428 Passeris
663 388 748 428 ussus
762 371 883 428 Gnoses.
1209 357 1286 431 457

99 537 186 600 alter
200 537 296 602 atteri
308 539 470 626 praeferri
480 547 620 626 poterat,
642 561 705 627 pro
721 559 767 610 eo,
790 539 874 624 qaod
888 539 976 604 ambo
991 537 1070 604 satis
1084 535 1202 620 ydonei
1217 534 1283 598 oiri

95 646 316 732 putabantur:
348 647 447 712 risum
475 655 522 712 est
548 649 703 720 omnibus.
730 649 906 730 transferre
927 667 1035 712 aarum
1061 653 1092 710 et
1120 643 1286 709 arbitrium

99 756 265 821 electionis
280 755 314 820 in
328 756 492 822 duodecim
507 757 607 828 oiros,
629 757 685 844 qui
703 756 843 820 maaime
862 756 947 820 inter
968 775 1072 820 omnes
1092 751 1287 840 intepritatis

100 872 135 928 et
152 865 290 952 potioris
305 865 431 930 oonsilii
445 867 534 953 apud
548 867 629 930 otios
645 865 850 930 labebantur.

194 973 256 1050 Qui
282 981 447 1060 postquam
474 973 583 1040 babitu
610 975 709 1040 muba
738 971 965 1038 deliberatione
997 971 1286 1036 Floudreusem

99 1081 252 1146 Comitem
273 1083 492 1158 nominarunt,
516 1085 687 1150 oolloeotus
708 1089 756 1148 est
779 1082 813 1146 in
834 1081 909 1146 sede
932 1080 1024 1168 repsi
1043 1087 1075 1145 et
1096 1079 1198 1166 capiti
1216 1078 1285 1144 eius

99 1191 259 1276 dyadema
275 1191 468 1277 impressam.
983 1199 987 1208 '

192 1300 420 1367 Provinciae
448 1309 577 1366 autem
606 1301 782 1366 eiusdem
813 1297 926 1385 repni
955 1298 995 1361 iu
1024 1305 1112 1362 tres
1137 1304 1286 1384 partes

98 1407 264 1472 diuisae
284 1416 396 1474 sunt:
420 1431 551 1486 unam,
575 1431 678 1498 quae
700 1410 753 1474 ad
770 1409 914 1494 fissum
936 1406 1062 1492 Rapis
1082 1405 1282 1493 speciali-

1 1509 2 1512 *
95 1525 160 1582 ter
178 1517 439 1604 pertineret;
462 1521 648 1596 alteram,
672 1539 784 1606 paam
811 1501 974 1582 Veneti
997 1516 1281 1601 possiderent;

97 1634 134 1692 et
157 1625 338 1698 tertiam.
369 1647 473 1713 qaae
501 1629 602 1693 data
629 1635 689 1693 est
716 1626 1004 1701 Marabioni,
1034 1625 1281 1690 Tbessulo·

96 1735 206 1800 nien
230 1735 436 1800 videlieet
458 1742 496 1800 et
515 1737 627 1819 fiaes
650 1737 735 1800 eius
758 1736 1011 1823 amplissimi.

191 1844 254 1922 Qui
273 1843 368 1908 etiam
389 1864 457 1908 eum
480 1845 702 1910 Martinam
722 1852 879 1921 nostrum,
902 1845 984 1911 sieut
1006 1843 1094 1908 nobis
1110 1841 1284 1908 certissime

95 1961 291 2040 compertum
299 1960 356 2026 est,
364 1953 982 2041 seeumdedueereetEpisoopumereare
989 1959 1217 2040 proponerent,
1227 1951 1283 2014 ille

94 2061 158 2127 sibi
164 2069 437 2128 ootorsoosuorum
445 2061 589 2128 eonseisss
597 2085 666 2130 eum
671 2063 980 2151 pratiaramaotione
988 2058 1284 2136 reeusarit,molens

92 2171 137 2236 ad
158 2173 283 2254 fratres
303 2191 391 2238 suos.
413 2170 443 2234 si
464 2169 541 2235 deses
561 2181 732 2248 annueret,
754 2172 899 2258 priuatus
920 2178 951 2234 et
975 2170 1103 2235 bumitis
1125 2190 1280 2234 remeare.

186 2278 342 2344 Deinde
377 2279 550 2344 minores
582 2281 882 2368 possessiones,
923 2279 1050 2344 soluti
1080 2279 1278 2348 eastella.

95 2389 228 2452 sillae
256 2393 296 2452 et
325 2388 570 2476 municipia,
599 2397 638 2454 et
666 2411 765 2478 quoe
796 2387 1031 2454 baiusmodi
1058 2390 1151 2451 sunt
1180 2385 1281 2456 alia,
1323 2449 1330 2468 ,

94 2497 136 2560 iu
160 2497 261 2560 illas
281 2515 500 2582 personas,
525 2519 631 2584 quae
653 2500 704 2564 ad
726 2498 799 2562 bae
820 2497 943 2585 mapis
965 2497 1146 2582 ydoneos
1164 2501 1281 2583 puto·

94 2607 257 2680 bantur,
285 2604 545 2670 distributae
575 2615 688 2683 sunt;
718 2609 801 2694 lepos
827 2613 931 2672 autem
958 2614 989 2671 et
1016 2606 1089 2671 iura
1116 2612 1146 2670 et
1174 2611 1285 2669 eeteros

94 2714 321 2788 institutiones,
344 2735 426 2800 quae
440 2716 480 2778 ob
495 2699 624 2802 aanuo
640 2715 753 2780 tamin
767 2716 854 2788 urbe,
871 2737 964 2802 quom
978 2715 1012 2780 in
1027 2713 1197 2802 provincia
1213 2715 1283 2778 lau-

94 2823 219 2888 dabiles
231 2822 438 2897 babebantur,
454 2823 511 2892 ito.
522 2831 557 2888 ut
568 2825 662 2911 prius
673 2828 814 2909 fuerant,
827 2825 997 2890 eoruistere
1004 2824 1181 2911 permissae
1193 2829 1285 2896 sanis

94 2953 179 3019 quae
203 2953 277 2996 vero
298 2931 515 3018 reprobabiles
539 2934 736 3009 videbantur,
763 2937 815 2999 uel
841 2941 1002 2998 oomeeme
1028 2933 1062 2996 iu
1084 2932 1212 3004 melias,
1236 2932 1288 2995 ael

90 3043 226 3129 penitus
242 3041 434 3106 immutatae.
960 3023 965 3032 ’

186 3150 273 3228 Quae
288 3150 362 3214 dum
377 3150 423 3214 ita
439 3150 472 3214 in
489 3149 615 3214 ciuitate
635 3159 814 3238 operentur,
830 3151 956 3216 interim
968 3150 1104 3237 pestifer
1115 3151 1170 3215 ille
1186 3151 1285 3216 Mor-

93 3260 216 3343 oislo,
244 3258 429 3344 pravissimi
453 3259 582 3322 sceleris
610 3265 817 3346 perpetrator
849 3267 880 3324 et
920 3259 1098 3324 breuissimi
1131 3259 1283 3347 temporis

93 3368 291 3455 imperator,
318 3366 374 3452 pai
398 3387 523 3431 suorum
547 3367 609 3432 sibi
633 3369 784 3433 malorum
813 3369 971 3443 eomoius,
1003 3374 1034 3432 et
1057 3368 1129 3433 ideo
1147 3389 1285 3455 poenam

89 3478 217 3545 tiasens.
234 3483 309 3540 ante
324 3475 592 3561 eapupnationem
603 3497 652 3542 ecs
666 3477 742 3540 urbe
760 3479 962 3563 profuperah
984 3477 1143 3546 neseiens.
1166 3498 1227 3564 qao
1245 3499 1286 3542 se

93 3593 243 3660 uerteret,
259 3591 316 3648 out
332 3584 410 3670 quid
423 3583 495 3670 spei
510 3583 543 3646 in
559 3585 664 3670 aliquo
680 3586 731 3648 ael
745 3585 869 3650 bomine
885 3587 936 3649 oet
950 3587 1018 3650 loeo
1034 3585 1152 3650 babere
1165 3593 1285 3673 posset,

93 3697 140 3761 od
153 3695 344 3760 Alesiam
360 3693 513 3757 seniorem
528 3713 562 3755 se
572 3693 713 3764 eontulit,
730 3693 782 3758 eui
794 3694 960 3780 prinsipes
972 3695 1075 3758 nostri
1086 3694 1285 3760 indivisione

91 3803 202 3891 nepai,
225 3803 368 3889 quamuis
392 3801 512 3865 bomini
531 3802 666 3884 aesario,
688 3809 793 3866 tamen
814 3803 888 3888 quia
910 3804 994 3890 repii
1016 3804 1182 3892 soapuinis
1204 3813 1285 3881 erat,

92 3912 256 4001 mandam
271 3918 380 3976 terrae
391 3910 628 3998 portiunculam
644 3909 820 3976 babendum
835 3919 1064 3976 concesserant.

170 4021 316 4084 Auctor
337 4018 429 4081 libri
446 4017 490 4080 bs
507 4017 541 4078 ls
560 4015 795 4101 conquesto,
822 4017 941 4100 Prolog.
959 4039 988 4102 p.
1007 4019 1046 4082 21
1066 4020 1131 4105 (ed.
1150 4021 1284 4086 Buehon.

94 4130 193 4194 Paris.
210 4126 332 4212 1845):
349 4129 391 4191 Et
403 4134 501 4214 quood
511 4127 537 4190 li
546 4133 650 4191 sontes
665 4128 705 4192 de
716 4127 872 4192 blandres
881 4131 920 4212 fu
930 4132 1060 4194 aaronis
1071 4131 1112 4196 de
1127 4132 1287 4219 ldmpire

91 4241 132 4304 de
149 4237 305 4304 Romauie
320 4244 351 4302 et
366 4235 551 4322 le'marpuis
567 4236 629 4300 dou
640 4237 803 4319 repsalme
813 4237 853 4301 de
864 4237 1047 4325 Salanique,
1062 4240 1093 4304 si
1103 4241 1287 4306 ordinerent
1402 4315 1403 4318 Ἴ

92 4347 254 4414 oertaines
267 4367 347 4433 pens
366 4367 452 4433 pour
476 4344 637 4432 despertir
658 4343 819 4430 l'limpire
834 4347 1025 4430 porreisan
1048 4356 1078 4414 et
1099 4371 1165 4436 par
1180 4351 1285 4424 ordre,

90 4459 199 4521 setona
215 4458 248 4520 la
265 4455 431 4519 eondioion
447 4455 487 4518 de
503 4475 635 4530 eeseun,·
650 4453 690 4518 de
705 4475 786 4540 quoy
804 4454 873 4518 niret
889 4457 910 4518 ὰ
926 4457 959 4519 lo
971 4465 1051 4544 port
1069 4459 1109 4522 de
1130 4459 1235 4524 Venise
1255 4462 1287 4526 la

90 4572 206 4653 quarte
223 4571 304 4652 part
318 4571 349 4628 et
363 4565 396 4628 lo
411 4563 520 4628 moitit
533 4563 574 4627 cle
589 4563 621 4626 la
637 4570 731 4648 quart
746 4562 786 4626 de
801 4569 869 4627 tout
890 4563 911 4628 l·
922 4565 1050 4652 Empire
1065 4567 1106 4631 de
1120 4569 1284 4634 Romanis.
