3110 5076
321 329 509 386 Parrruneruu
523 329 625 384 lnnxrr
639 329 672 384 III
685 329 743 384 Irrr.
756 329 824 385 Van.
839 345 1013 384 concussum.
1177 319 1252 393 257

73 499 182 572 saluos
208 507 243 572 et
267 503 337 572 sine
363 501 479 574 timore
505 503 537 572 in
562 500 710 598 omnibus
732 501 924 598 regionibus
953 503 1082 596 Imperij
1111 502 1189 585 mei,
1221 503 1253 574 in

72 630 225 724 personis
251 636 286 700 et
309 629 476 724 peccunijs
502 652 626 714 eorum,
651 637 716 702 tam
742 631 782 702 ab
811 631 992 702 hominibus
1020 631 1149 726 Imperij
1180 631 1253 716 mei,

71 781 165 851 quam
190 763 225 830 et
250 759 381 852 abipso
405 759 543 854 Imperio
573 782 662 841 meo;
691 761 814 832 habere
834 783 964 854 quoque
982 761 1072 854 ipsos
1091 765 1126 832 et
1145 761 1251 832 omnia

68 891 274 969 tenumenta,
304 909 366 980 que
391 885 553 958 habehant
579 893 727 982 tempore
752 911 852 982 super
878 911 936 958 eos
960 887 1180 981 preuenientis
1204 887 1253 958 ire

70 1037 200 1109 semper
233 1012 432 1084 memorandi
465 1014 673 1108 Imperatoris
706 1015 813 1108 patrui
851 1015 978 1108 Imperij
1012 1014 1095 1096 mei,
1133 1014 1253 1084 domini

68 1141 227 1212 IIanueIis
247 1141 415 1212 Comnani.
444 1143 486 1212 Et
504 1142 531 1211 si
551 1142 593 1212 oh
612 1142 790 1222 seruitium,
811 1141 898 1234 quod
917 1141 1054 1234 Imperio
1073 1164 1145 1212 meo
1161 1141 1254 1212 lece·

68 1270 132 1340 rint
150 1267 206 1340 uel
227 1269 445 1362 Imperaturis,
470 1275 568 1362 prout
587 1270 619 1339 in
638 1269 788 1363 superius
808 1267 958 1340 ordinato
978 1269 1101 1363 scripto
1120 1267 1251 1364 legato·

69 1421 140 1468 rum
159 1395 395 1466 veneticorum
418 1395 614 1480 declaratur,
640 1402 675 1466 et
696 1396 723 1466 si
743 1397 972 1490 superuenerit
990 1397 1037 1468 eis
1057 1419 1075 1466 a
1095 1403 1253 1468 coronata

70 1547 215 1618 persona
234 1523 287 1594 uel
314 1546 428 1617 magna
453 1531 553 1617 gente
579 1547 716 1617 guerra,
742 1524 840 1594 debet
868 1523 1038 1618 Imperium
1064 1546 1168 1594 mcum
1200 1524 1253 1596 uel

69 1675 127 1746 per
146 1658 299 1746 tempora
318 1652 525 1745 Imperatori,
554 1653 639 1722 sieut
668 1652 699 1720 in
724 1651 792 1744 ipsa
813 1652 1030 1722 conuentione
1050 1650 1250 1735 declaratur,

70 1803 127 1850 eos
147 1779 295 1862 adiuare,
315 1786 415 1874 prout
429 1779 566 1851 deberet
581 1779 736 1849 adiuuare
750 1803 844 1850 unam
866 1778 907 1848 do
926 1779 1051 1872 magnis
1067 1777 1250 1849 ciuitatibus

69 1908 238 1978 Romanis.
268 1907 414 2001 Insuper,
434 1907 462 1978 si
482 1913 516 1978 et
535 1907 706 2002 Imperium
726 1929 831 1977 meum
850 1913 906 1978 aut
925 1906 1115 1999 [superaturi
1133 1905 1250 1976 lecerit
1294 1995 1296 2003 ⁴

67 2058 212 2106 amorem
230 2041 287 2106 aut
304 2042 454 2128 treguam
475 2059 547 2106 cum
568 2035 675 2129 aliquo
695 2035 842 2118 inimico,
868 2041 982 2106 contra
1002 2058 1095 2128 quem
1122 2033 1249 2104 seruie-

66 2165 130 2234 rint
156 2161 297 2258 Imperio
324 2169 456 2248 nostro,
482 2163 580 2233 debet
603 2163 775 2257 Imperium
800 2169 947 2234 nostrum
966 2186 1025 2234 eos
1043 2161 1198 2233 inducere
1217 2162 1249 2231 in

66 2293 162 2363 talem
182 2291 270 2362 iIIum
290 2313 433 2362 amorem
453 2290 504 2362 uel
524 2297 684 2384 treguam.

158 2419 324 2492 Promittit
349 2427 382 2491 et
410 2419 458 2490 eis
487 2419 647 2490 licentiam
675 2417 796 2489 hahere
816 2413 854 2488 'in
883 2415 1032 2489 omnibus
1059 2417 1250 2510 regionibus

5 2537 7 2568 ³
69 2546 198 2642 Imperij
219 2547 293 2631 mei,
312 2549 427 2620 tamin
446 2547 523 2640 hijs,
543 2570 605 2640 qrre
624 2545 735 2617 circha
753 2545 828 2617 litus
847 2552 933 2630 sunt,
960 2567 1054 2638 quam
1073 2544 1156 2616 etin
1175 2542 1249 2634 hijs,

5 2663 7 2690 '
70 2698 130 2768 que
150 2676 235 2746 intra
253 2681 392 2756 terram,
419 2681 453 2745 et
478 2675 510 2744 in
534 2675 613 2768 ipsis
638 2673 767 2756 insulis,
795 2679 828 2744 et
846 2673 1033 2766 simpliciter
1051 2673 1082 2742 in
1102 2672 1249 2744 omnibus

71 2803 227 2895 partibus,
239 2825 302 2896 que
316 2801 376 2874 sub
391 2809 556 2899 potestate
570 2809 683 2874 nostre
697 2803 748 2896 pie
761 2809 837 2872 sunt
850 2801 1100 2894 tranquillitatis,
1121 2823 1249 2872 omnem

72 2933 302 3002 mercationem
321 2954 487 3015 exercere,
507 2937 542 3001 et
560 2953 669 3002 emere
688 2937 785 3024 atque
805 2929 948 3000 uemlere
963 2951 1089 2999 omnem
1107 2929 1249 3022 speeiem

71 3059 99 3127 in
117 3057 309 3152 regionibus
337 3057 466 3152 Imperij
491 3059 552 3128 mei
571 3064 775 3139 nascentem,
801 3065 835 3128 et
854 3081 892 3126 ex
912 3055 984 3150 alijs
1009 3055 1199 3148 regionibus
1218 3055 1249 3124 in

5 3233 7 3300 p
71 3207 123 3256 eas
155 3186 286 3256 allatam
318 3187 388 3258 siue
415 3211 475 3282 pcr
503 3211 602 3258 naues
630 3210 690 3280 per
718 3208 819 3268 mare,
847 3170 916 3256 siue
943 3208 1003 3277 per
1032 3184 1169 3254 samaria
1197 3183 1249 3254 uel

5 3347 7 3368 >
70 3313 211 3405 plaustra
230 3337 289 3406 per
307 3319 446 3395 terram3
468 3321 500 3384 et
518 3337 579 3384 nec
593 3313 803 3395 comercium,
822 3317 878 3382 aut
896 3310 1080 3404 pedagium.
1100 3310 1152 3380 uel
1172 3333 1250 3402 pas·

68 3441 210 3534 sagium,
241 3447 297 3514 aut
329 3441 574 3524 samariaticon,
611 3438 663 3511 uel
694 3440 920 3534 portuatieon,
952 3445 1008 3508 aut
1039 3437 1248 3508 sauuratieon

5 3545 7 3614 I
68 3567 106 3658 (i.
129 3592 159 3639 e.
180 3569 449 3660 sulurroticoo),
474 3573 530 3638 aut
553 3591 652 3640 eausa
676 3566 842 3646 onerandi,
873 3571 929 3636 aut
955 3564 1156 3647 scalaticum,
1186 3589 1248 3636 nee

69 3693 161 3766 aliam
193 3695 331 3790 aliquam
364 3719 483 3768 census
517 3696 753 3790 appeticionem
787 3717 805 3764 a
838 3692 973 3764 nauibus
1002 3693 1033 3762 in
1061 3693 1248 3764 Romaniam
1287 3698 1350 3810 ff

5 3817 7 3870 I
70 3823 285 3904 uenientibus,
305 3823 358 3896 uel
373 3819 460 3918 o[ut]
477 3822 628 3915 somariis
641 3823 695 3894 uel
713 3821 864 3916 plaustris
883 3843 942 3913 per
962 3841 1074 3891 omnes
1093 3820 1247 3913 regiones

71 3951 195 4046 Imperij
215 3951 278 4020 mei
296 3951 540 4022 transeuntibus
560 3975 597 4021 ex
616 3947 852 4022 consuetudine
871 3956 1017 4018 exactum
1038 3949 1219 4041 exigentur.

5 4045 7 4140 l
156 4081 292 4171 Insuper
318 4083 367 4160 et,
397 4080 548 4172 quoniam
566 4078 598 4148 in
618 4077 806 4172 quibusdam
825 4077 1015 4169 regionibus
1034 4077 1163 4170 Imperij
1185 4077 1248 4146 mei

73 4205 249 4277 molestiam
273 4213 306 4276 et
324 4207 565 4278 infestationem
586 4229 650 4279 non
668 4227 801 4300 paruam
822 4203 997 4276 Veneticos
1018 4202 1054 4298 [I.
1082 4202 1245 4275 Venettco-

73 4331 158 4428 rum]
180 4333 320 4428 Imperio
340 4319 413 4404 mco
433 4333 638 4404 fidelissimos
666 4329 756 4428 [lege
777 4331 1067 4428 fidelissimorum]
1089 4333 1247 4404 iamdicti

72 4461 306 4553 prudentissimi
338 4462 439 4556 legati
472 4461 620 4546 Venetis,
657 4461 776 4531 Petrus
807 4457 944 4530 Michael
983 4465 1017 4531 et
1049 4459 1246 4533 Octauianus

101 4653 188 4702 Fortu.
205 4655 253 4700 XII.
997 4651 1032 4706 17
