3120 5078
297 350 373 422 276
534 361 723 416 varnueruu
735 361 881 416 Ausxnlll
894 361 954 416 iure.
967 361 1036 418 Vns.
1050 375 1225 416 concussum.

292 531 477 627 chrysoboli
496 531 625 627 lmperij
645 532 718 614 mei,
744 555 887 604 exnunc
907 538 940 604 et
959 531 1111 626 deinceps
1131 531 1240 603 iuditia
1259 528 1462 623 peccuniaria

292 659 377 732 iuter
395 658 569 730 Veneticae
589 665 622 730 et
641 661 766 730 Grecos
786 658 987 732 decidantur.

382 790 575 859 Preteren
594 787 733 882 quidem,
759 789 785 856 si
805 787 846 858 de
864 787 1026 858 seditione
1044 786 1097 858 uel
1111 786 1362 880 repugnatione,
1385 785 1467 854 iuter
1559 766 1560 769 ¹

213 956 217 966 ν
292 918 433 989 Grecum
458 922 491 988 et
514 915 703 988 Veneticum
729 915 903 997 existente,
929 921 1100 986 moueatur
1120 937 1235 996 censs,
1259 935 1377 1006 magna
1396 913 1467 1006 qui·
1559 944 1560 949 ¹

291 1043 365 1115 dem
379 1045 536 1116 existente
551 1043 723 1128 seditione,
740 1049 774 1114 et
788 1042 829 1114 ad
846 1042 1079 1114 multitudinem
1092 1041 1244 1124 deuenta,
1260 1049 1293 1112 et
1306 1041 1346 1112 ud
1361 1041 1466 1112 homi·
1559 1046 1560 1049 ’

290 1172 405 1243 eidium
431 1172 519 1243 iorte
543 1172 755 1266 perueniente
773 1175 830 1242 aut
848 1191 982 1263 magnas
1001 1170 1133 1264 plagas,
1159 1176 1237 1240 tunc
1256 1167 1468 1240 cancellarius
1559 1192 1560 1235 1

288 1300 353 1384 uie,
371 1299 474 1371 ueleo
484 1323 503 1370 a
514 1321 632 1393 magna
642 1298 724 1370 urbe
738 1299 883 1381 absente,
898 1305 975 1369 tuuc
985 1321 1121 1392 presens
1134 1299 1165 1370 in
1178 1297 1298 1392 palatio
1311 1295 1469 1366 Ulacher·
1558 1297 1559 1370 f

289 1449 402 1497 narum
424 1419 718 1520 primiceriorum)
749 1431 783 1496 et
806 1425 1041 1496 strattiotarum
1064 1425 1246 1496 huiusmodi
1277 1429 1469 1518 perscruta·
1559 1434 1560 1449 ³

289 1553 377 1624 bitur
392 1575 532 1636 causam,
546 1559 591 1636 et,
601 1559 637 1624 ut
651 1552 691 1622 ab
703 1573 743 1622 eo
754 1558 987 1644 cognoscetur,
998 1553 1105 1624 soluet
1116 1551 1351 1633 etidciscetur3
1367 1571 1470 1643 paruo

289 1703 383 1763 uero,
405 1687 439 1752 et
457 1681 497 1752 ad
515 1703 613 1750 unum
639 1677 692 1750 uel
717 1677 758 1750 ad
783 1679 866 1750 duos
893 1679 1052 1763 deducta,
1078 1679 1105 1748 si
1130 1679 1257 1772 quidem
1281 1677 1472 1750 uulneratus

287 1807 417 1902 plagam
436 1807 632 1880 mediocrem
651 1806 813 1878 sustineus
834 1813 889 1878 aut
908 1807 1053 1877 iniuriam
1068 1805 1241 1878 Veneticus
1260 1807 1370 1888 luerit,
1386 1803 1472 1898 apud

287 1946 365 2006 tune
375 1929 639 2027 cancellarium)
654 1934 718 2016 uie,
739 1933 791 2006 uel
807 1957 847 2006 eo
862 1958 881 2004 u
896 1957 1011 2028 magna
1026 1932 1108 2006 urbe
1123 1935 1270 2017 absente,
1290 1931 1379 2027 epud
1392 1939 1473 2004 tuuc

287 2085 440 2156 magnum
467 2061 676 2156 logariestum
702 2060 878 2154 querellam
903 2067 1084 2156 proponat,
1113 2068 1147 2133 et
1172 2059 1350 2132 secuudum
1376 2060 1471 2154 leges
1558 2063 1559 2118 ἐ

286 2191 459 2263 uindictam
478 2189 620 2262 habebit.
649 2187 685 2260 Si
704 2209 787 2260 uero
806 2190 932 2260 Greeus
950 2188 1049 2258 fuerit
1061 2187 1171 2280 ydiota
1185 2187 1325 2280 quidem,
1346 2193 1381 2258 et
1398 2209 1468 2258 non
1558 2223 1559 2228 =

287 2341 326 2390 ex
345 2323 477 2388 senatus
496 2315 659 2398 consulto,
685 2320 741 2386 aut
759 2313 800 2386 de
813 2311 1004 2386 clarioribus
1024 2313 1205 2386 homiuibus
1224 2314 1314 2386 curie
1334 2313 1465 2408 lmperij

286 2445 350 2516 mei
369 2444 567 2526 consistens,
586 2441 672 2537 apud
690 2440 833 2536 legatum
847 2439 1074 2514 Veneticomm
1093 2447 1127 2512 et
1145 2441 1203 2514 sub
1223 2464 1265 2512 eo
1285 2441 1410 2512 iudices
1425 2439 1468 2511 de

287 2572 401 2642 iniuria
421 2577 454 2641 et
471 2569 636 2642 dedecore
654 2569 831 2641 monebunt
850 2591 996 2652 causam,
1016 2575 1050 2640 et
1069 2568 1109 2640 ab
1128 2569 1199 2641 istis
1217 2568 1374 2662 suscipiet
1391 2569 1468 2638 uiu-

287 2699 417 2769 dictam.
446 2697 628 2791 Diligenter
655 2697 739 2768 enim
762 2697 934 2790 Imperium
954 2719 1057 2768 meum
1078 2695 1229 2780 confidit,
1258 2695 1346 2789 quod
1365 2719 1468 2789 super

287 2823 469 2896 huiusmodi
489 2823 635 2918 capitulis
653 2830 855 2896 sacramenta
873 2846 935 2930 pro
952 2825 1077 2896 iusticia
1096 2823 1342 2896 interuenientia
1356 2822 1466 2895 Vene-

287 2953 355 3036 tici,
374 2951 491 3046 quibus
508 2951 661 3024 iudicium
675 2957 726 3022 est
739 2951 955 3034 commissum,
976 2973 1041 3024 non
1055 2951 1245 3045 despicient,
1264 2952 1359 3022 immo
1373 2951 1467 3022 simi-

286 3079 361 3152 liter
380 3081 463 3151 etin
482 3079 665 3152 huiusmodi
683 3080 791 3152 causis
809 3080 968 3150 iusticiam
984 3079 1179 3162 custodient,
1199 3079 1470 3172 quemadmodum

286 3214 320 3278 et
333 3207 365 3278 in
378 3208 592 3302 peccuniariis
608 3213 641 3278 et
652 3229 719 3278 uon
733 3214 856 3278 tuntum
875 3205 1033 3278 honorem
1052 3205 1104 3278 uel
1124 3206 1278 3287 dedecus,
1297 3207 1368 3278 siue
1386 3230 1472 3302 pro-

285 3336 404 3406 ficuum
430 3335 484 3407 uel
511 3335 682 3430 dampnum
709 3333 936 3406 veneticorum
965 3334 1142 3419 curabunt,
1173 3341 1326 3428 quantum
1352 3357 1466 3406 eorum

285 3469 498 3546 sacramenta,
518 3487 580 3558 que
595 3463 635 3534 ab
650 3462 771 3558 eispro
786 3463 1013 3548 iudicialem,
1032 3464 1065 3534 in
1085 3463 1233 3534 omnihus
1252 3463 1336 3534 bene
1350 3471 1468 3536 custo-
1494 3559 1496 3562 Ι

286 3590 358 3662 dire
383 3597 417 3663 et
442 3591 629 3662 observare.
659 3589 709 3661 Ne
733 3597 840 3662 autem
862 3589 964 3684 longa
988 3597 1145 3684 sequatur
1169 3613 1260 3662 mora
1278 3592 1310 3662 in
1335 3591 1466 3686 iudicijs

282 3717 368 3790 inter
382 3721 508 3791 Grecos
524 3725 557 3789 et
570 3717 746 3789 veneticos
759 3717 889 3803 futuris,
908 3741 971 3790 nee
984 3718 1081 3790 libelli
1096 3719 1178 3804 dies,
1192 3743 1255 3792 uec
1269 3720 1464 3792 interdicto-

281 3868 353 3916 rum
372 3846 525 3939 usquein
544 3845 660 3937 uiginti
678 3845 731 3916 uel
748 3845 903 3940 triginta,
929 3853 1028 3940 prout
1047 3847 1260 3920 communiter
1284 3848 1463 3920 secundum
1545 3901 1547 3904 -

280 3971 374 4068 leges
391 3977 534 4057 tenetur,
562 3974 787 4044 connumerari
805 3997 877 4046 meo
896 3974 1003 4068 placet
1021 3975 1176 4070 lmperio;
1206 3975 1264 4046 sed
1283 3975 1463 4048 seeundum

281 4123 399 4172 nouam
414 4100 679 4172 constitutionem
694 4101 889 4195 sempiterne
903 4102 1059 4174 memorie
1077 4103 1286 4198 imperatoris
1304 4110 1338 4176 et
1351 4103 1463 4176 dilecti

279 4229 385 4324 patrui
405 4228 533 4322 lmperij
553 4227 632 4309 mei,
659 4226 778 4299 domini
798 4227 954 4299 llauuelis
973 4230 1148 4314 comneni,
1175 4231 1294 4302 factem
1314 4232 1356 4302 de
1374 4232 1461 4303 iudi·

280 4355 354 4450 cijs,
375 4381 438 4450 que
456 4357 541 4427 inter
560 4361 735 4428 extraneos
754 4363 787 4428 et
805 4355 974 4450 indigenas
993 4358 1082 4430 ciues
1101 4364 1347 4430 conuersuutur.

278 4480 591 4492 ..ι-ψ

304 4511 332 4587 ¹)
352 4513 510 4584 primicir.
525 4513 572 4568 LP.
919 4513 948 4588 Ι)
968 4513 1368 4573 cancellarium...tuuc
1386 4535 1462 4575 mar·

966 4607 1019 4677 pini
1035 4607 1179 4680 adscripsit
1190 4607 1242 4662 alia
1253 4625 1343 4664 manus
1361 4608 1387 4664 in
1406 4610 1460 4666 LP.
