3130 5082
321 337 469 394 Srsrrnru
483 339 608 396 Gerenos
622 355 758 396 rnaonrro
772 356 945 396 rnsononmr
958 339 1004 396 Cr.
1181 327 1257 404 129

78 503 268 590 bominibus,
297 508 356 580 tibi
385 508 426 578 de
450 509 522 602 ipsa
540 510 688 604 predicta
706 518 796 584 terra
815 534 888 582 curn
909 512 1059 582 omnibus
1078 513 1146 582 suis
1166 534 1259 582 man-

78 631 210 702 sionibus
239 640 274 704 et
302 634 437 705 edificiis
464 635 741 728 proclamantibus
769 645 803 708 et
830 637 1119 722 calumniantibus,
1149 637 1197 708 rel
1226 644 1260 707 te

15 781 16 784 ¹
77 755 139 826 inde
160 759 328 851 expellere
349 760 550 844 volentibus,
580 763 609 832 ei
630 762 671 854 (l.
688 764 752 855 em)
779 770 875 856 parte
894 763 944 834 rel
964 763 996 834 in
1015 770 1100 845 toto,
1119 769 1259 856 propter

80 882 254 956 violentiam
271 888 385 980 populi
405 894 439 958 et
457 888 609 958 senioris.

155 1011 257 1098 Quod
276 1015 303 1083 si
323 1037 463 1106 unquam
481 1021 630 1108 ternpore
650 1023 706 1086 aut
725 1040 744 1086 a
764 1039 815 1086 me
835 1017 885 1087 vel
906 1017 946 1086 ab
961 1016 1121 1110 aliquibus
1140 1039 1261 1108 perso-

15 1229 16 1232 *
78 1135 119 1205 nis
132 1137 207 1206 inde
221 1138 370 1231 pulsatus
384 1140 434 1210 rel
450 1139 576 1232 ejectus
590 1141 692 1211 fueris
708 1148 742 1212 et
760 1143 888 1212 minime
904 1165 962 1212 vos
978 1143 1053 1212 inde
1069 1166 1108 1213 eo
1131 1141 1259 1226 ordine,

80 1267 109 1330 ut
124 1265 304 1355 predictum
320 1274 383 1348 est,
404 1266 577 1337 defensare
593 1268 744 1350 noluero,
765 1269 813 1338 vel
830 1293 894 1339 non
909 1277 1051 1362 potuero
1067 1269 1108 1338 ab
1123 1268 1186 1352 bis,
1208 1269 1263 1360 qui

79 1394 105 1456 te
122 1389 194 1459 inde
214 1391 376 1485 erpellere
397 1394 568 1475 voluerint,
589 1417 627 1464 cr
642 1401 735 1486 parte
749 1393 799 1465 vel
816 1418 854 1464 ex
869 1401 954 1478 toto,
975 1401 1031 1464 aut
1047 1401 1164 1464 contra
1179 1394 1263 1464 banc

15 1497 16 1502 ἵ
79 1515 224 1586 cartulam
250 1518 299 1587 ire
322 1524 543 1611 temptavero,
570 1525 649 1590 tunc
676 1543 877 1614 componere
902 1522 1058 1614 promitto
1085 1544 1158 1590 cum
1183 1521 1264 1590 meis

15 1695 17 1732 ;
79 1639 242 1713 heredibus
273 1651 307 1714 et
335 1645 399 1714 tuis
427 1645 675 1716 successoribus
705 1647 774 1717 auri
802 1646 902 1717 libras
922 1647 1075 1741 quinque,
1105 1647 1265 1738 simulque

80 1788 198 1837 ornnem
224 1768 505 1854 melioracionem,
529 1795 592 1863 que
622 1771 653 1840 in
683 1771 840 1866 eade(m)
866 1779 955 1842 terra
984 1779 1017 1843 et
1042 1773 1265 1842 mansionibus

15 1957 17 1966 ,
80 1892 156 1965 lacta
174 1896 290 1977 luerit3
317 1904 352 1966 et
368 1904 446 1992 post
467 1897 609 1967 solutum
630 1897 825 1990 prostimnm
846 1906 975 1970 maneat
995 1899 1058 1969 hec
1078 1899 1264 1970 documenti

81 2025 110 2088 et
126 2021 323 2092 defensionis
343 2024 468 2093 cartula
488 2024 520 2092 in
539 2046 598 2094 sua
617 2023 782 2095 firmitate.
859 2109 863 2117 Ι

15 2125 17 2132 ¹
161 2147 337 2217 Sciendum
365 2155 416 2218 est
441 2149 545 2232 enim,
570 2149 660 2242 quod
685 2172 751 2240 ego
778 2149 928 2219 omnibus
956 2133 1071 2220 diebus
1099 2149 1164 2220 rite
1193 2173 1266 2218 mec

15 2293 17 2368 g
80 2292 134 2361 per
151 2295 201 2342 mc
221 2279 255 2343 et
273 2297 335 2366 per
355 2297 460 2343 meum
479 2275 612 2344 missum
631 2274 813 2345 secundnm
833 2297 936 2344 meam
962 2278 1129 2366 propriam
1149 2275 1265 2344 volun-

15 2371 17 2404 ³
81 2401 172 2467 tatem
183 2405 271 2469 stare
290 2405 325 2469 et
343 2397 492 2469 babitare
512 2399 632 2483 debeo,
654 2406 687 2470 et
712 2423 783 2470 mea
806 2401 944 2470 servicia
963 2380 1077 2471 lacere
1098 2402 1212 2471 diebus
1233 2407 1267 2470 et

82 2525 223 2595 noctibus
248 2527 280 2594 in
308 2525 369 2594 illis
395 2525 526 2596 duobus
550 2525 696 2596 cuunclis
726 2533 760 2595 et
786 2525 913 2595 duabus
940 2527 1016 2597 salis
1047 2535 1080 2598 et
1105 2529 1267 2598 cumanis

83 2648 198 2722 eliacon
219 2651 261 2722 de
281 2649 443 2746 predictis
470 2651 705 2732 mansionibus,
726 2657 761 2722 et
778 2654 810 2722 in
831 2651 884 2723 illa
904 2677 1044 2737 caneva,
1072 2678 1136 2746 que
1154 2655 1264 2746 posita

84 2783 130 2845 cst
154 2777 245 2868 juxta
272 2803 301 2848 s.
321 2780 521 2872 Georgium,
548 2779 671 2872 absque
692 2779 779 2849 omni
800 2779 1064 2851 contradictione
1083 2781 1204 2872 precii;
1226 2779 1268 2850 ad

86 2901 197 2973 obitum
214 2929 320 2976 meum
330 2899 361 2997 ¹)
381 2905 442 2976 bec
457 2907 564 2976 omnia
580 2928 750 2975 remanere
769 2905 801 2973 in
822 2912 854 2975 te
875 2903 999 2998 absque
1017 2908 1103 2976 omni
1119 2907 1262 2978 alterca-

88 3029 173 3101 cione
191 3037 225 3102 et
243 3032 509 3103 contradictione
528 3039 562 3102 et
580 3034 645 3102 tuis
666 3031 932 3101 successoribus.

164 3159 286 3229 Tamen
307 3181 373 3252 ego
394 3159 501 3230 debeo
521 3165 733 3230 manutenere
745 3158 903 3251 predictis
919 3158 1066 3229 cuunclis
1086 3165 1121 3228 et
1139 3159 1216 3229 salis
1236 3165 1270 3229 et

91 3279 203 3353 eliacon
223 3291 258 3355 et
276 3285 427 3378 predicta
447 3309 570 3356 canera
591 3285 622 3354 in
641 3285 740 3355 tectis
761 3291 796 3354 ct
814 3287 845 3354 in
867 3285 987 3354 ceteris
1008 3285 1217 3355 necessariis.

166 3411 304 3505 Signum
315 3411 531 3505 suprascripti
547 3411 704 3504 Stephani
720 3410 868 3504 Capella,
889 3411 943 3504 qui
962 3410 1025 3482 hec
1040 3413 1171 3504 rogarit
1184 3411 1267 3482 fieri.

166 3536 240 3630 Ego
262 3539 386 3609 Craton
405 3537 556 3609 Dandulo
575 3543 615 3608 tt.
636 3562 681 3608 ss.

168 3663 242 3759 Ego
264 3664 445 3738 Octaviano
465 3663 657 3734 Martinacio
678 3669 717 3734 tt.
739 3687 784 3732 ss.

167 3789 241 3884 llgo
267 3789 427 3860 llcnricue
455 3789 668 3870 Valeressus,
697 3786 812 3857 Presb.
834 3792 868 3855 et
891 3785 984 3871 Not,
1012 3785 1101 3856 Pleb.
1121 3787 1157 3856 S.
1178 3787 1270 3880 Aky-

93 3909 165 3998 dani,
184 3917 345 4010 complevi
365 3925 400 3986 et
417 3916 583 3986 roborari.

169 4041 244 4136 Ego
266 4043 301 4111 P.
322 4041 536 4137 Navigarolo,
563 4040 625 4110 ridi
646 4039 678 4108 in
697 4045 814 4123 matre,
833 4039 995 4110 testificor
1014 4041 1045 4108 in
1065 4040 1141 4110 lilia.

169 4169 243 4262 llgo
255 4167 398 4261 Filippus
412 4167 560 4248 lllicbacl,
575 4167 660 4236 sicut
673 4165 736 4234 vidi
753 4165 783 4234 in
800 4173 916 4250 matre,
937 4167 1031 4236 testis
1052 4190 1123 4236 sum
1142 4166 1174 4236 in
1193 4165 1270 4237 filia.

170 4293 242 4390 Ego
264 4295 381 4365 Petrus
401 4293 550 4377 Grilioni,
570 4293 656 4363 sicut
671 4292 734 4362 ridi
754 4295 786 4362 in
801 4299 919 4376 matre,
938 4294 1033 4363 testis
1053 4317 1123 4363 sum
1144 4295 1174 4363 in
1194 4293 1271 4364 filia.

96 4417 407 4438 Ἢ

115 4463 140 4535 ¹)
157 4469 339 4524 sedebant.

124 4612 208 4664 Forma.
219 4618 266 4664 nr.
1041 4612 1058 4668 9
