3110 5076
319 339 395 409 22ss
655 345 825 400 cucurrerim
838 341 870 398 iii
884 344 978 396 Ριιιι
992 355 1154 396 uonurssro.

835 586 970 658 LXXIX.

319 735 480 799 delestius
493 731 533 794 lll
546 731 699 796 committit
711 729 797 793 beeri
810 729 992 793 Procurateri
1005 727 1337 810 constantinopolin-u,
1354 731 1385 790 ut
1396 727 1481 790 incisi

462 841 578 906 sslrcre
593 841 733 923 quasdem
749 841 874 904 desines
891 839 1003 902 debitas
1019 839 1160 919 Episcopo
1176 836 1354 900 tutellae.

679 964 710 1017 i.
723 963 748 1017 d.
763 961 840 1022 1197,
854 961 896 1014 dio
911 959 952 1014 13.
966 978 998 1013 m.
1011 961 1132 1030 Augusti.

407 1075 449 1138 Ex
474 1075 601 1138 drcbiro
629 1071 823 1138 Patriercbali
850 1071 944 1135 edidit
977 1070 1192 1134 Flaminius
1221 1068 1430 1135 Cornelius
1456 1069 1484 1131 in

320 1184 437 1249 Eccles.
457 1183 528 1246 Ven.
546 1185 580 1246 T.
598 1182 661 1246 Xill
677 1181 761 1268 (dec.
778 1180 854 1256 XVl,
870 1187 945 1266 part.
961 1177 1015 1266 ii),
1032 1201 1061 1264 p.
1079 1179 1154 1244 223.

409 1333 590 1404 Celestinus
615 1332 814 1425 Episcopus,
840 1332 959 1401 Servus
979 1329 1152 1401 Servorum
1176 1331 1254 1413 Dei,
1281 1329 1402 1400 dilecto
1426 1330 1486 1398 lilio

320 1461 476 1553 Magistro
503 1459 625 1542 Leoni,
654 1459 861 1529 Procuratori
887 1457 1265 1552 Constantinopolitano,
1295 1457 1430 1529 salutern
1457 1464 1488 1527 et

320 1587 539 1682 Apostolicam
557 1585 826 1655 benedictionem.

366 1765 367 1768 ,
410 1713 488 1783 Ven.
505 1713 619 1782 Frater
637 1711 758 1781 Noster
774 1711 974 1782 Castellanus
992 1711 1174 1806 Episcopus
1192 1716 1379 1784 transmissa
1398 1712 1488 1783 nobis

325 1841 466 1933 querella
483 1839 664 1934 proposuit,
681 1839 767 1933 quod
782 1839 1028 1921 decimaciones,
1045 1861 1107 1931 que
1122 1841 1224 1934 ipsum
1239 1847 1272 1910 et
1286 1841 1359 1933 ejus
1372 1840 1489 1912 Eccle-

322 1969 401 2038 siam
420 1967 460 2037 de
479 1968 584 2048 bonis,
604 1989 666 2060 qne
685 1965 816 2036 inerunt
835 1965 910 2035 olim
928 1963 1084 2036 lobannis
1104 1967 1339 2061 dedalo-lupi,
1360 1967 1489 2058 dejure

322 2095 532 2187 contingunt,
560 2093 662 2162 cidem
682 2092 866 2162 detinentur
885 2093 1022 2184 injuste,
1049 2097 1082 2162 et
1105 2091 1183 2186 ipsis
1202 2093 1304 2163 minus
1323 2093 1411 2164 licite
1431 2095 1490 2165 de·

322 2219 524 2291 ircudantnr.

410 2346 565 2418 Nolentes
585 2347 694 2438 igitur,
719 2352 756 2417 ut
774 2345 877 2416 dictus
897 2346 1079 2442 Episcopus
1098 2347 1146 2416 sni
1161 2346 1246 2439 juris
1266 2347 1422 2417 lesionem
1442 2348 1491 2417 in·

324 2481 445 2559 currat,
465 2497 525 2568 per
541 2473 729 2570 Apostolica
747 2473 803 2544 tibi
824 2475 944 2567 scripta
964 2473 1161 2554 mandamus,
1183 2481 1340 2566 quatenus
1354 2474 1493 2545 heredes

324 2613 357 2674 et
376 2603 615 2673 commissarios
642 2601 787 2693 ejusdem
807 2601 950 2672 defuncti
971 2601 1011 2672 ad
1030 2601 1169 2671 debitam
1188 2601 1380 2673 solutionem
1401 2602 1493 2674 deci·

324 2731 497 2800 mallonum
530 2729 672 2822 ipsorum
704 2728 820 2799 nuncio
852 2729 987 2822 praefati
1016 2729 1186 2822 Episcopi,
1219 2752 1292 2799 cum
1320 2731 1495 2822 requisitus

324 2859 442 2939 fueris,
466 2857 646 2927 faciendam
674 2879 734 2950 per
759 2880 928 2927 censuram
954 2855 1231 2938 Ecclesiastieam,
1261 2855 1345 2927 sieut
1369 2857 1495 2948 iustum

323 2985 431 3063 inerit,
451 2983 664 3078 appellatione
684 2991 845 3066 cessante,
865 2983 1050 3078 compellas.

413 3111 568 3182 Volumus
602 3111 697 3181 etiam
725 3117 758 3181 et
785 3111 988 3193 mandamns,
1021 3117 1057 3181 ut
1085 3113 1251 3182 memorati
1279 3111 1436 3206 Episcopi
1465 3113 1495 3182 in

324 3237 471 3308 omnibus
486 3237 621 3332 justitiis
641 3237 706 3308 suis
726 3243 759 3306 et
776 3238 929 3330 precipue
948 3237 979 3306 in
994 3235 1138 3322 decimis,
1159 3261 1237 3332 quas
1251 3239 1299 3308 sui
1314 3237 1495 3332 predeces-

323 3387 417 3435 sores
436 3365 592 3435 hactenus
610 3363 808 3444 habueruut,
833 3369 866 3433 ct
885 3387 967 3456 quae
986 3362 1026 3432 ad
1048 3365 1150 3458 ipsum
1171 3373 1205 3435 et
1223 3365 1294 3457 ejus
1314 3364 1496 3437 Ecclesiam

322 3491 555 3563 rationabiliter
578 3491 741 3585 pertinere
760 3496 950 3573 noscuntur,
977 3493 1169 3562 auctoritate
1188 3497 1300 3562 nostra
1319 3515 1496 3566 conserues

323 3619 542 3712 indempnem,
570 3617 662 3688 nullis
681 3617 796 3687 litteris
817 3617 959 3687 veritatis
984 3623 1017 3686 et
1036 3617 1163 3708 justitie
1180 3617 1459 3712 prejudicantibus
1478 3646 1496 3692 a

323 3747 411 3819 Sede
429 3745 618 3838 Apostolica
638 3743 825 3838 impetratis.

412 3870 1494 3966 Datumlmrrrrmll.ldusiiugusti,Pontiiicatusnostriannosexto.

480 3997 518 4068 L.
539 3999 574 4069 S.
631 4001 704 4093 Ego
725 3999 819 4070 Wido
839 4003 997 4084 Grausus,
1017 4001 1161 4074 [lineet
1180 4001 1271 4087 Not,
1297 4003 1361 4075 boc
1380 4025 1494 4074 erem-

321 4125 406 4220 plum
427 4125 609 4217 exemplari,
630 4125 744 4218 scripsi
764 4124 796 4194 in
815 4125 1108 4220 Constantinopoli,
1132 4131 1215 4200 sicut
1233 4131 1265 4198 in
1285 4131 1357 4224 ejus
1376 4139 1494 4215 matre,

322 4252 445 4323 scilicet
464 4253 495 4320 in
515 4255 678 4324 autentico
698 4251 824 4322 Domini
842 4251 978 4346 predicti
997 4255 1095 4350 Pape,
1116 4257 1230 4326 inueni.
1256 4257 1350 4328 Anno
1365 4257 1495 4328 Domini

327 4377 441 4463 1198,
461 4401 570 4450 mense
589 4378 800 4474 Septembris.
830 4381 1009 4452 indictione
1029 4383 1182 4455 secunda.
1213 4381 1282 4453 Nec
1302 4385 1411 4468 minui,
1432 4409 1495 4457 nec

322 4505 483 4600 ampliavi3
512 4506 570 4577 sed
590 4505 747 4601 complevi
766 4513 799 4574 et
817 4503 980 4575 roborari.
