3120 5078
322 357 429 412 bursas
443 357 633 414 Iunonibus
647 374 726 414 soon.
740 357 769 413 S.
783 358 874 414 Mesoa
888 375 924 414 ns
937 359 1026 416 Trso.
1180 349 1256 426 283

75 531 185 604 noluit
222 537 331 602 tamen
371 529 574 624 respondere
608 529 767 626 amplius,
812 531 866 604 uel
912 554 1023 606 coram
1067 533 1114 605 eis
1166 534 1260 606 etiam

76 681 290 754 comparere.

169 787 237 880 lpsi
255 809 336 860 uero
354 785 494 871 iudices,
521 785 716 858 accedentes
735 787 776 858 ad
795 785 956 860 ciuitatem
976 787 1160 873 biremem,
1185 812 1259 862 cum

74 914 239 1012 plebanus
259 915 381 1008 ipsein
400 937 459 986 sua
479 899 676 986 contumatia
701 914 912 1008 perduraret,
937 922 1041 988 testes
1066 926 1264 1012 receperunt

73 1043 118 1114 ab
153 1042 296 1114 aduersa
327 1047 420 1136 parte
456 1040 657 1136 productos;
699 1047 733 1112 et
764 1041 1023 1136 depositionibus
1055 1043 1197 1118 redactis
1229 1046 1261 1116 in

76 1171 211 1265 scriptis
230 1169 333 1240 eidem
351 1167 491 1264 plebano
513 1169 722 1252 mandarunt,
749 1175 786 1240 ut
804 1169 843 1242 nd
863 1193 922 1241 eos
940 1170 1116 1244 accederet
1133 1176 1165 1244 in
1184 1195 1263 1266 per-

75 1320 175 1378 sona,
196 1296 250 1366 uel
269 1294 354 1368 dicta
373 1296 504 1366 testium
523 1295 721 1368 obiecturus.

171 1421 241 1494 Sed
259 1444 333 1494 cum
351 1422 420 1516 ipse
439 1422 481 1494 ad
500 1445 614 1494 eorum
632 1423 828 1513 presentiam
847 1422 1008 1494 noluisset
1026 1422 1204 1508 accedere,
1228 1425 1261 1496 in

73 1551 253 1646 plebanum
273 1557 306 1620 et
324 1549 499 1644 complices
518 1550 587 1622 eius
607 1549 913 1622 excomunicatiouis
932 1552 1125 1622 sententiam
1144 1557 1262 1646 protu-

74 1670 241 1772 lerunt¹)‚
259 1671 537 1772 possessionem²)
557 1679 635 1748 iuris
654 1677 848 1771 parochialis
867 1677 1087 1750 adiudicantcs
1101 1679 1261 1774 archiepi-

73 1828 182 1900 scopo
201 1811 399 1890 memorato,
426 1812 460 1876 et
478 1827 569 1889 eum,
590 1811 742 1898 quantum
760 1805 859 1876 ineis
880 1811 968 1890 erat,
995 1806 1207 1878 restituentes
1226 1809 1257 1880 in

76 1935 246 2028 integrum
265 1933 461 2005 auctoritate
481 1933 567 2004 sedis
587 1932 784 2028 apostolice,
804 1931 982 2004 districtius
1000 1939 1191 2020 uetuerunt,
1220 1957 1262 2006 ne

78 2063 154 2158 quis
173 2063 418 2156 possessionem
437 2061 582 2134 'lirensis
601 2059 741 2134 ecclesie
758 2061 942 2132 restitutam
967 2061 1162 2155 perturbare
1180 2085 1262 2156 pre·

77 2195 247 2274 sumeret,
276 2190 329 2262 uel
357 2189 547 2262 institutioni
572 2189 750 2282 apostolice
776 2189 959 2271 contraire,
988 2195 1021 2260 et
1043 2212 1086 2259 ne
1105 2189 1262 2283 plebanus

77 2319 190 2390 sancti
207 2316 307 2388 Marci
325 2317 379 2388 uel
398 2317 531 2412 quilibet
544 2317 624 2388 alium
642 2315 847 2410 parrochiale
861 2317 910 2387 ius
925 2321 1095 2388 exerceret
1113 2316 1145 2388 in
1160 2316 1263 2410 Tyro.

1 2463 2 2540 ζ
78 2447 222 2539 Insuper
240 2446 271 2514 in
290 2467 403 2516 omnes
421 2445 493 2515 illos
508 2445 815 2516 excomunicationis
830 2443 1022 2514 sententiam
1045 2445 1267 2539 protulerunt,

1 2551 2 2620 3
78 2575 137 2668 qui
161 2572 303 2666 plebano
333 2573 438 2644 eidem
462 2574 494 2642 io
518 2573 740 2646 subtractione
770 2571 982 2666 parrochialis
1013 2571 1092 2642 iuris
1123 2593 1261 2642 conscu-

78 2703 185 2774 tirent
198 2701 230 2770 in
244 2707 425 2794 posterum,
445 2699 498 2772 uel
512 2701 543 2770 in
558 2721 615 2772 sua
631 2699 831 2793 malignitate
849 2699 1025 2792 preberent
1043 2699 1189 2770 auxilium
1210 2698 1264 2770 uel

1 2855 3 2908 ἢ
78 2853 273 2914 assensum,
296 2829 381 2900 idem
408 2835 523 2902 conus
546 2822 791 2920 sustinendos³J
815 2829 844 2900 ci
869 2827 1025 2922 plebanos
1045 2828 1263 2920 inposterum

2 2957 4 2962 ’
80 2965 281 3032 statuentes.

2 3077 3 3172 J
174 3085 295 3156 Verum
311 3084 420 3156 dilecti
434 3084 502 3176 filij,
524 3083 649 3154 nobiles
662 3084 735 3168 uiri,
754 3082 857 3154 Ursus
871 3083 1051 3154 Badoarius
1071 3087 1104 3154 et
1122 3082 1263 3155 Marinus

3 3209 4 3212 ¹
79 3215 249 3298 Jacobus,
278 3213 319 3284 ad
342 3237 403 3284 nos
422 3237 460 3284 ex
480 3221 573 3308 parte
592 3212 708 3283 nobilis
728 3212 804 3294 uiri,
832 3211 962 3284 Heurici
980 3210 1133 3290 Danuui,
1162 3211 1262 3281 Ducis

77 3345 293 3426 Venetorum,
313 3333 545 3432 transmissi⁴),
564 3341 595 3410 in
610 3345 722 3412 nostra
736 3344 980 3433 proposuerunt
996 3339 1160 3432 presentia
1180 3361 1262 3409 eou-

79 3471 206 3552 satuti,
233 3467 322 3562 quod
341 3467 417 3538 olim
435 3469 469 3537 in
488 3467 739 3560 recuperatione
757 3475 847 3537 terre
866 3465 1030 3538 orientalis
1050 3467 1260 3538 ecelesiarum

77 3597 197 3693 prelati
207 3593 1265 3690 ctprincipessccularesterciampartemciuitatisl'yrcnsispleno

4 3759 5 3782 1
78 3728 150 3798 iure
168 3725 303 3816 Venetis
317 3729 566 3806 consenserunt,
583 3745 677 3815 quam
689 3721 749 3816 ipsi
762 3721 979 3815 possederunt
993 3723 1094 3815 longo
1104 3729 1263 3814 tempore,

5 3889 6 3924 f
81 3845 1264 3944 sinclita.Ceterum⁵jdecedentibusillis,quibusiurecuperationeillius

5 4075 6 4078 Ἴ
80 3989 173 4054 terre
191 3981 337 4076 ipsorum
357 3980 482 4072 experti
499 3979 629 4050 lucrant
647 3977 754 4060 fidem,
774 3978 988 4049 constantiam
1009 3981 1042 4046 et
1060 3975 1208 4048 auxilium
1227 3975 1259 4046 in

6 4295 7 4362 l
109 4305 137 4376 ¹)
157 4301 394 4375 produxerunt
414 4299 492 4354 Corn.
731 4296 759 4369 ι)
780 4295 929 4362 SicCorn.;
947 4296 1141 4352 transmisit
1155 4297 1233 4352 codd.

6 4381 8 4470 i
107 4394 138 4466 ²)
158 4395 205 4448 Sic
218 4393 310 4454 Corma
329 4390 556 4462 possessionis
574 4387 650 4444 codd.
731 4386 759 4462 ⁵)
779 4388 825 4443 Sic
838 4387 932 4452 codd.;
952 4387 1143 4444 etiamGoro.

109 4485 139 4558 ⁸)
159 4479 466 4544 sustinendisssoru.;
480 4497 512 4534 an
527 4481 652 4536 substi-

158 4573 321 4629 tuendos?
