3110 5080
350 349 491 406 linrsroun
504 349 652 405 ltonrrnou
665 349 859 406 Mourrsrass.
872 365 910 404 sn
922 349 1019 404 lnuoo.
1031 348 1073 404 lit.
1225 337 1304 411 413

110 520 305 617 Magistrum
323 521 506 624 iohannem
524 521 794 605 Noriomensem‚
820 521 965 594 nuntium
984 525 1145 605 nostrum,
1172 523 1305 617 accepi·

112 671 203 733 nnus,
223 648 312 742 quod
331 649 403 743 ipse
420 671 482 743 pro
503 648 733 722 dissimulanda
750 647 1087 720 excommunicatione
1107 647 1305 720 Venetorum

112 775 157 846 ud
175 781 315 870 tempus,
335 799 397 870 pro
416 778 488 870 ipso
507 776 652 870 periculo
672 773 896 852 dissolutionis
917 775 1092 858 exercitus,
1118 776 1304 867 paternitati

113 909 245 974 vestrae
263 902 459 997 propensius
478 901 708 996 supplicasset,
728 909 764 973 et
780 923 848 972 non
865 901 983 972 fuisset
1002 901 1143 986 nuditus,
1164 907 1198 974 et
1217 901 1305 996 quod

112 1053 217 1125 super
234 1029 300 1100 boc
318 1029 529 1124 imposuisset
546 1030 576 1100 ei
595 1030 786 1124 praeceptio
806 1033 915 1098 restra
931 1027 1105 1100 silentium.

205 1155 427 1228 Nihilominus
439 1163 548 1228 tamen
558 1155 757 1228 voluntatem
770 1161 909 1226 vestram
921 1155 1083 1248 inquirere
1094 1156 1211 1228 iterata
1223 1179 1305 1228 eon-

112 1285 291 1356 sultatione
307 1283 489 1367 maluimus,
504 1305 599 1378 quam
610 1283 724 1374 (ot)in
739 1303 916 1378 corporum
931 1288 965 1353 et
979 1282 1157 1354 animarum
1173 1289 1305 1356 nostra·

111 1435 187 1484 rum
210 1411 390 1506 perieulum
416 1421 450 1484 et
476 1411 601 1483 Terrae
624 1416 759 1482 sanctae
786 1407 1021 1480 desolationem
1047 1417 1081 1481 et
1102 1411 1304 1482 inimieorum

113 1539 231 1610 Crucis
253 1537 496 1610 insultationem
522 1545 620 1632 atque
648 1536 810 1618 derisum,
837 1542 953 1606 contra
979 1536 1179 1609 voluntatem
1209 1539 1305 1610 etiam

111 1672 267 1749 vestram,
281 1665 368 1738 sicut
381 1666 514 1738 omuino
529 1663 693 1738 credimus
713 1671 747 1736 et
764 1687 825 1760 per
843 1663 975 1735 nuutios
996 1672 1125 1736 vestros
1144 1667 1304 1739 intellexi-

113 1817 206 1878 mus,
230 1816 292 1887 per
316 1792 476 1864 dictarum
502 1793 725 1864 ostensionem
750 1791 917 1862 literarum
936 1791 1068 1863 stolium
1087 1793 1304 1866 scinderetur.

204 1919 287 1992 lllud
300 1925 410 1991 autem
428 1920 609 1991 certissime
627 1925 739 1990 teneat
758 1918 963 2013 paternitatis
986 1925 1115 1990 restrae
1135 1919 1304 2006 discretio,

113 2047 214 2142 quod,
230 2047 494 2141 quicquidsuper
506 2046 612 2118 literis
621 2045 744 2117 eisdem
758 2046 965 2139 praeceperit
974 2045 1137 2137 jussione,
1153 2049 1303 2142 quicquid

110 2175 189 2246 inde
207 2173 403 2267 contingere
423 2172 553 2255 debeat,
572 2173 640 2243 sive
660 2173 765 2244 dictus
783 2172 945 2255 Murcido,
965 2171 1033 2242 sive
1052 2174 1244 2268 cuicumque
1265 2201 1302 2246 er

109 2301 208 2374 nobis
226 2300 441 2394 injunxeritis,
459 2299 559 2370 saciet
577 2299 816 2369 incunctanter.

650 2480 753 2568 'erin

348 2639 464 2706 literne
481 2639 656 2704 {cretionis
673 2639 886 2704 lentislerrstl
902 2639 939 2702 sd
956 2639 1070 2724 ispum.

287 2769 467 2834 Literanon
505 2763 667 2850 Pontifieis
700 2765 955 2852 suppressiones
989 2773 1133 2831 summat.

632 2887 699 2943 dd.
709 2889 787 2944 1203.

203 3003 328 3069 lnnoo.
346 3001 385 3068 lll
401 3001 490 3086 epist.
506 2998 560 3064 lib.
578 2997 626 3072 vl,
649 3020 698 3086 ep.
716 2997 749 3074 C,
773 2997 821 3064 ed.
838 2999 1064 3086 brequigny
1081 2999 1117 3064 T.
1135 2999 1157 3075 l,
1174 3024 1203 3087 p.
1222 3003 1298 3069 309.

111 3115 177 3180 cfr.
195 3109 380 3198 Raynald.
397 3109 419 3176 l.
436 3109 457 3174 l.
475 3113 510 3196 ξ.
528 3109 559 3172 6.

202 3257 415 3335 Sanctissimo
442 3261 527 3356 patri
553 3266 589 3331 et
615 3257 745 3330 domino
774 3257 1020 3354 l[nnocentio]‚
1054 3261 1159 3333 diviua
1189 3265 1302 3358 provi·

111 3392 223 3464 dentia
240 3410 365 3461 summo
384 3387 546 3469 Pontifici,
569 3385 770 3470 Bonilacius,
794 3385 940 3458 Marcbio
959 3385 1208 3475 illontisferrati,
1229 3414 1302 3463 cum

111 3517 229 3592 osculo
249 3517 367 3612 pedum
384 3519 532 3608 paratam
552 3514 593 3584 ad
613 3536 709 3584 omne
729 3513 923 3606 obsequium
943 3512 1152 3586 voluntatem.

203 3642 413 3715 Paternitatis
432 3647 561 3712 restrae
580 3641 683 3710 literis
703 3663 722 3710 a
740 3639 923 3710 Beronibus
947 3642 1109 3712 exercitus
1128 3641 1300 3738 [Crasse-J

111 3774 318 3868 signatorum
336 3769 495 3864 acceptis,
516 3775 550 3840 et
568 3765 742 3840 cumomni
757 3767 940 3838 reverentia
960 3775 994 3838 et
1012 3767 1185 3840 devotione
1203 3795 1318 3864 prae—.

110 3901 191 3972 stito
214 3899 283 3968 sive
302 3896 477 3989 recognito
496 3889 698 3989 juramento,
721 3893 935 3964 absolutionis
950 3893 1143 3966 beneficium
1160 3906 1298 3992 aposto-

110 4025 196 4097 licae
216 4023 415 4106 consecutis,
437 4045 498 4118 per
516 4021 662 4093 nuntium
681 4019 874 4091 venerabilis
894 4021 996 4116 patris
1015 4023 1132 4107 nostri,
1153 4023 1301 4118 P[etrs],

108 4151 194 4223 tituli
208 4149 244 4220 S.
259 4149 403 4221 Marcelli
423 4147 611 4242 Presbyteri
632 4147 822 4230 cardinalis,
843 4147 1045 4242 apostolieae
1059 4149 1156 4222 Sedis
1171 4149 1301 4245 Legati,

111 4281 352 4350 communicato
365 4280 530 4378 baronum
538 4277 694 4378 consilio,
710 4275 865 4362 intellexi,
879 4301 979 4373 super
993 4277 1081 4350 laeto
1090 4279 1231 4352 iaderae
1242 4306 1303 4376 per

112 4404 253 4476 eundem
268 4405 415 4476 nuntium
429 4403 471 4475 ad
484 4404 609 4476 Ducem
624 4411 659 4476 et
672 4405 818 4478 Venetos
832 4429 851 4478 a
865 4405 953 4478 Sede
967 4407 1149 4502 apostoliea
1169 4432 1303 4481 ercom-

112 4535 341 4606 municationis
360 4534 473 4607 literas
492 4557 673 4606 emanasse.
