3120 5078
155 353 162 362 “
256 341 333 411 292
539 354 632 406 lisam
644 351 806 404 Beniamin
821 367 874 404 ses
887 351 1020 404 scissos
1035 367 1164 405 aveneio.

253 519 511 583 recommendans
524 515 735 607 propositum,
752 517 893 582 comitem
904 515 1097 580 Balduinum
1113 515 1277 580 Flandrioe
1291 517 1453 603 aptiorem

250 627 323 708 sore
330 626 503 709 judicavit.
531 628 594 705 Qui
603 649 624 691 a
635 626 767 713 reliquis
784 626 1003 712 comprobatus
1018 633 1049 690 et
1065 625 1226 691 eceroitui
1239 625 1454 689 denunciatus

253 733 293 796 ab
315 735 456 799 omnibns
477 735 658 824 Imperator
680 735 879 800 collaudatus
902 741 957 800 ost.
976 773 1019 782 —
1038 735 1150 799 Creolo
1167 735 1366 822 Imperatore
1380 733 1453 797 tlte·
1513 744 1519 759 ¹

251 863 367 908 saurus
381 844 416 908 in
431 847 509 910 urbe
524 846 670 910 inventus
685 845 851 920 dividitur,
877 853 908 909 et
917 865 982 930 per
998 845 1164 931 portiones
1180 851 1316 909 statutas
1332 850 1451 930 quarta

252 971 332 1036 pars
348 951 482 1037 Imperii
497 954 528 1016 ei
542 954 768 1040 consipaatur,·
791 961 823 1017 et
839 961 952 1018 cetera·
973 954 1058 1016 inter
1073 954 1161 1018 illum
1177 959 1209 1017 et
1228 953 1355 1016 Venetos
1369 973 1451 1038 par-

252 1059 318 1122 titae
339 1067 432 1135 snnt;
454 1068 487 1124 et
506 1061 652 1147 pluribus
674 1061 845 1138 nobilibus,
874 1061 929 1148 qni
950 1083 1078 1126 onerum
1100 1061 1282 1148 participes
1305 1065 1451 1144 ficerunt,

249 1167 351 1249 feuda
375 1189 445 1232 cum
468 1171 598 1234 servitio
623 1170 848 1242 conceduntur,
879 1177 910 1234 et
932 1171 1121 1256 acquirendi
1140 1191 1289 1235 concessa
1309 1172 1454 1253 femellas

252 1277 411 1343 tribuitur.
426 1315 469 1326 --
487 1276 681 1342 Venetiarum
697 1279 786 1350 Dar,
803 1283 840 1343 ut
854 1279 938 1343 tanti
951 1278 1108 1366 triumphi
1121 1280 1273 1342 memoria
1288 1281 1453 1344 recolatur

253 1391 285 1450 ct
296 1386 439 1474 posteris
454 1386 591 1474 prodeat
615 1387 660 1450 ad
680 1389 872 1473 exemplam,
891 1406 1061 1474 proceram
1077 1387 1291 1451 assistentium
1306 1387 1452 1458 consilio,

252 1496 372 1560 Ducali
394 1495 486 1559 titulo
503 1495 645 1559 addidit:
669 1503 843 1582 quartae
864 1495 1006 1580 partis
1029 1501 1066 1558 et
1089 1495 1291 1558 dimidiae
1321 1496 1452 1560 totius

252 1600 420 1689 Imperii
446 1603 666 1667 Romanius
694 1604 934 1667 dominator.
974 1605 1014 1666 lit
1035 1623 1148 1666 nocam
1172 1611 1372 1668 armaturam
1388 1603 1452 1667 siti

252 1713 402 1788 decrevit,
420 1733 513 1798 qaam
529 1733 595 1775 saoe
609 1713 722 1798 stirpis
741 1713 935 1799 propinquis
951 1719 982 1776 et
997 1713 1228 1776 successoribus
1242 1713 1451 1797 deserendam

252 1821 382 1885 censuit.
400 1857 444 1867 -
462 1822 571 1884 Cieros
588 1828 704 1906 postca
721 1820 897 1886 catholicas
918 1821 1095 1885 Venetorum
1112 1821 1282 1885 canonicor
1298 1821 1334 1884 in
1350 1823 1452 1885 eccle·

251 1931 301 1994 sia
327 1937 446 1994 sanetm
472 1929 604 2014 Sophia
627 1930 794 2016 praefecit,
827 1931 883 2016 qui
907 1931 1119 1994 monachilem
1146 1930 1266 2001 airam,
1298 1929 1451 1994 Tlmmam

250 2039 452 2107 Mauroccna
469 2057 586 2124 penore
598 2037 732 2102 nobilem
745 2044 777 2102 et
787 2039 926 2102 moribus
937 2040 1208 2125 circumpectum,
1220 2038 1453 2122 patriarcham

254 2145 636 2233 constantinopolitanam
660 2145 860 2211 concorditer
881 2147 1054 2232 cleperent.
1081 2147 1208 2210 Electm
1229 2167 1362 2232 quoque.
1387 2149 1452 2210 ele·

252 2256 353 2321 otioni
367 2255 574 2329 consentiens,
592 2275 661 2318 cum
673 2254 896 2340 Imperialibus
908 2261 940 2319 et
955 2255 1055 2318 Ducis
1067 2256 1188 2319 nuntiis
1198 2275 1261 2340 pro
1279 2256 1453 2320 obtinendo

253 2365 488 2449 confirmatione
504 2363 634 2426 Romam
649 2364 811 2449 perreeit.
823 2363 1002 2428 —Decimo
1014 2363 1108 2427 tertio
1123 2363 1232 2450 itamar
1247 2365 1349 2429 Dacis
1366 2385 1452 2430 anno

252 2474 451 2558 Bonifacius,
468 2472 704 2556 Montisserrati
717 2471 871 2543 marolio,
890 2473 944 2536 cui
953 2471 1098 2544 Aledius,
1117 2473 1225 2537 isacii
1240 2475 1454 2558 imperatoris
1559 2526 1560 2535 ,

251 2583 396 2667 penitus,
421 2583 556 2646 insulam
584 2583 685 2646 Creta
706 2581 901 2650 donaverat,
922 2601 1007 2645 nanc
1024 2581 1267 2667 adrianopolim
1291 2581 1451 2657 obsidens,

255 2693 387 2755 Ravana
404 2693 444 2756 de
462 2691 649 2756 Carceribns
666 2697 696 2754 et
711 2687 821 2753 Marco
838 2689 969 2765 Sanum,
986 2681 1086 2754 Dacis
1106 2690 1301 2755 Venetiamtm
1316 2693 1452 2762 nuntiis.

253 2800 380 2863 cniilla
396 2799 603 2864 indivisione
619 2799 752 2886 imperii
767 2799 959 2886 coatiperot‚
983 2803 1079 2862 latrem
1096 2801 1169 2884 jus,
1191 2801 1276 2886 quod
1290 2801 1324 2864 in
1341 2803 1452 2866 eadem

254 2908 406 2978 liciebat,
429 2910 566 2994 firmatis
590 2908 665 2972 ltine
688 2907 762 2971 inde
785 2909 1042 2972 conventionibus
1064 2909 1251 2994 plenissime
1278 2911 1384 2974 cessit.
1409 2945 1454 2956 —-

253 3020 327 3081 Rea
353 3019 523 3082 Blaoorum
550 3025 581 3082 et
607 3039 671 3080 rea·
692 3017 906 3103 Bulparorum
918 3015 946 3101 ¹)
972 3037 1040 3080 curn
1065 3018 1184 3082 Gracia
1212 3020 1392 3083 cellarois
1420 3025 1453 3084 et

254 3127 406 3192 Gimianis
415 3125 444 3210 ¹)
465 3148 535 3191 cam
551 3128 675 3190 Latinis
692 3127 855 3212 conpressi
869 3147 921 3190 cos
937 3125 1076 3198 vincuat,
1095 3128 1249 3211 peremtio
1264 3129 1450 3192 maioribus.

254 3235 433 3322 Imperator
444 3235 527 3298 enim
536 3235 974 3320 BaldniansAdrianopolim,
989 3257 1009 3298 a
1019 3235 1292 3320 Constantinopoli
1301 3236 1452 3300 Vdistaa·

254 3349 314 3408 tem
327 3343 440 3416 dialis,
455 3343 630 3416 obsederat,
645 3365 714 3429 qua
726 3344 759 3406 in
771 3350 902 3430 partem
918 3343 1097 3408 Venetorum
1110 3351 1250 3408 cesserat
1266 3352 1297 3407 ct
1313 3345 1452 3410 rebellu-

254 3460 353 3517 oorat.
378 3453 422 3516 Et
437 3473 504 3516 oum
521 3451 664 3515 habituri
678 3458 782 3514 essent
797 3452 831 3514 in
843 3451 995 3537 proximo
1010 3453 1179 3523 civitatem,
1196 3453 1330 3516 audiens
1347 3452 1452 3539 Impe-

253 3567 344 3624 rator
355 3561 477 3626 comitis
489 3559 642 3624 Ludooici
656 3565 688 3623 et
703 3561 838 3623 aliorum
850 3559 1050 3646 repentinam
1062 3559 1212 3624 insultum
1225 3569 1302 3646 post
1312 3561 1452 3625 Blaclos

255 3667 466 3752 Cimianos⁸).
489 3689 620 3754 quorum
644 3667 689 3732 ad
709 3667 858 3731 Benclms
874 3666 953 3752 (sio)
976 3673 1112 3754 quamor
1133 3667 1266 3731 millium
1282 3667 1452 3732 multitado

253 3775 379 3840 insidiis
389 3775 419 3860 ι)
442 3777 566 3852 stabat,
591 3797 660 3840 cam
686 3797 739 3840 eos
766 3777 926 3840 insecutus
944 3776 1075 3859 fnisset,
1102 3776 1262 3840 trucidato
1290 3777 1452 3841 Lndouico

254 3905 322 3948 cum
338 3883 431 3956 aliis,
454 3885 634 3970 Imperator
648 3905 808 3970 nunquam
824 3883 1003 3970 comparuit
1010 3905 1024 3960 ;
1048 3893 1078 3947 et
1091 3884 1208 3970 paucis
1222 3885 1451 3950 Constantino·

252 3993 351 4080 polim
389 3993 608 4066 redeuntibus,
646 3993 810 4058 multitudo
848 3993 1009 4056 maritima
1041 3993 1221 4057 Venetorum
1255 3995 1300 4058 ad
1329 3997 1475 4086 urbem„

256 4199 583 4211 u—--a--u--u--u

280 4349 307 4421 ¹)
329 4349 453 4404 Scribere
470 4310 597 4403 ¹‹iobelmt
620 4367 680 4403 rex
705 4351 823 4404 Blsco-
903 4349 931 4422 ⁸)
951 4351 1072 4404 Dsbsbsl
1097 4349 1215 4405 scribere
1244 4351 1392 4408 Bischos
1419 4357 1449 4406 al

327 4457 393 4494 ram
415 4443 447 4494 st
464 4441 691 4511 Bulgsrorum.
950 4437 1115 4495 Cumanos.

279 4529 307 4602 ²)
326 4529 445 4584 Debebst
458 4530 574 4583 scribere
588 4529 749 4584 Cumanis.
903 4525 932 4601 ⁴)
952 4529 1024 4600 Lago
1044 4531 1073 4582 in
1093 4530 1240 4584 insidiis.
