3110 5080
331 354 407 428 388
420 365 429 375 '
667 367 784 420 Puerum
797 367 1002 422 Tanousrrnnn
1016 382 1169 422 crrrrarrs.

325 538 488 610 dndream
516 537 557 608 dc
576 537 698 608 Marina
726 545 759 607 et
785 537 866 608 alios
895 539 1136 632 quamplures,
1165 538 1205 608 ad
1228 537 1329 631 ipsius
1359 535 1500 604 domina-

326 665 424 736 tionis
443 665 545 759 pedcs
565 665 710 736 duximus
729 665 1010 738 transmittendos:

415 793 477 880 Qui
498 791 538 861 de
558 791 722 862 voluntate
742 797 776 862 et
795 815 959 864 consensu
978 793 1118 864 omnium
1136 792 1298 863 bominum
1320 789 1410 860 dicte
1428 789 1499 858 ciui-

325 922 401 991 tatis
421 944 481 990 nos
502 926 536 990 et
552 925 675 990 terram
690 929 835 990 nostram
851 945 890 992 ac
904 922 1010 992 omnia
1028 928 1139 991 nostra
1160 945 1218 990 sue
1236 919 1386 1013 potentie
1400 917 1501 986 tacere

326 1046 486 1130 subditos,
507 1053 541 1117 et
554 1047 662 1117 omnia
675 1053 831 1140 precepta
847 1022 965 1117 domini
979 1047 1080 1119 Ducis
1093 1053 1219 1118 remota
1235 1046 1321 1116 omni
1335 1045 1502 1115 occasione

322 1175 485 1268 jurarent.
522 1173 566 1243 Et
593 1175 641 1244 sic
665 1171 708 1242 iili
732 1157 792 1268 pro
818 1197 855 1246 se
880 1180 914 1244 et
936 1198 997 1270 pro
1024 1174 1118 1245 nobis
1142 1171 1290 1243 omnibus
1315 1173 1502 1264 juraverunt

328 1323 461 1372 servare
479 1305 513 1370 et
532 1299 653 1370 servari
671 1301 794 1400 iacere.

416 1427 613 1497 Memoratus
632 1449 710 1496 rero
731 1425 876 1497 dominus
896 1403 967 1496 Dux
985 1433 1137 1519 tanquam
1151 1427 1198 1496 vir
1213 1423 1501 1505 christianissimus,

328 1561 363 1625 et
387 1557 440 1648 qui
466 1557 497 1626 in
524 1555 576 1625 dei
599 1537 731 1626 seruitio
758 1577 796 1626 ac
819 1555 921 1625 totius
945 1554 1196 1626 Christianitatis
1223 1555 1285 1625 iter
1314 1553 1501 1645 arripuerat,

328 1704 393 1752 non
413 1683 619 1753 considerata
643 1689 830 1753 nostrorum
853 1682 972 1753 malitia
995 1705 1056 1754 nos
1075 1681 1115 1752 ad
1135 1705 1225 1752 suam
1250 1680 1393 1773 gratiam
1412 1701 1501 1748 reuo-

329 1810 430 1892 cauit,
455 1810 673 1904 precipientes
697 1807 819 1904 'tegatis
845 1811 1093 1905 suprascriptis,
1130 1816 1166 1879 ut
1192 1809 1256 1879 cito
1283 1809 1323 1878 ad
1349 1807 1503 1878 civitaten

328 1936 474 2008 redirent
492 1938 694 2022 nuntiantes,
715 1935 801 2030 quod
820 1960 881 2008 nos
901 1937 942 2008 ad
961 1961 1051 2008 suam
1069 1941 1281 2008 revocaverat
1299 1936 1457 2028 gratiam,
1475 1937 1504 2002 et

330 2062 417 2157 quod
436 2085 473 2132 se
490 2071 703 2156 prepararent
722 2063 763 2134 ad
782 2065 884 2157 ipsum
903 2062 1082 2135 honorifice
1100 2061 1353 2155 suscipiendum.

417 2190 618 2262 Adveniente
663 2191 773 2282 itaque
817 2213 857 2260 eo
902 2191 933 2260 in
977 2213 1093 2285 magna
1140 2212 1235 2259 manu
1279 2211 1319 2258 ac
1365 2188 1504 2258 exercitu

328 2318 464 2412 copioso
502 2317 543 2386 ad
580 2317 742 2387 civitatem
775 2315 1015 2410 Tergestinam
1053 2305 1236 2411 recepimus
1274 2339 1347 2386 cum
1386 2315 1504 2386 ornatis

330 2444 557 2516 sacerdotibus
586 2467 625 2513 ac
661 2442 807 2524 clericis,
848 2437 1030 2535 candelis¹)
1064 2443 1210 2514 accensis
1248 2451 1282 2512 et
1308 2441 1504 2535 pulsantibus

329 2572 511 2663 campanis,
549 2569 770 2663 subponentes
817 2593 877 2640 nos
921 2593 980 2664 per
1025 2573 1130 2640 omnia
1177 2593 1235 2640 sue
1281 2567 1504 2639 dominationis

329 2697 486 2788 potentie.

420 2825 481 2910 Qui
501 2845 578 2894 vero
599 2823 748 2893 dominus
767 2824 837 2926 [tux
857 2825 1047 2893 convocatis
1072 2821 1255 2893 bominibus
1275 2822 1417 2892 civitatis
1435 2843 1506 2914 pre·

332 2950 430 3042 cepit,
449 2956 486 3019 ut
502 2949 567 3019 talc
582 2955 818 3020 sacramentum
838 2949 881 3018 ilii
900 2949 1009 3018 facere
1024 2948 1228 3027 deberemus,
1250 2945 1402 3018 uidelicet
1416 2946 1506 3040 quod,

332 3076 511 3168 usquedum
525 3077 656 3159 vixerit,
675 3077 774 3146 simus
792 3075 921 3157 fidelem
948 3083 1024 3168 post
1042 3075 1212 3146 decessum
1232 3095 1310 3144 vero
1331 3074 1405 3167 ejus
1426 3074 1506 3144 simi·

330 3203 405 3273 liter
419 3205 485 3274 suis
500 3203 747 3274 successoribus
761 3202 946 3273 fidelitatem
963 3202 1174 3273 servabimus.
1194 3203 1237 3272 ut
1257 3201 1345 3294 quod
1366 3200 1505 3272 borsines

331 3330 537 3402 venetiarum
556 3332 587 3400 in
606 3331 758 3424 personis
775 3337 809 3400 et
823 3330 920 3401 rebus
939 3329 971 3398 iu
990 3335 1063 3399 toto
1083 3333 1198 3400 nostro
1213 3327 1362 3399 districtu
1378 3351 1505 3400 securos

333 3458 401 3528 sine
429 3457 559 3529 datione
587 3458 691 3550 aliqua
720 3451 962 3550 haberemus²)‚
993 3463 1026 3526 et
1054 3457 1142 3551 quod
1170 3457 1302 3526 servitia
1331 3455 1440 3527 debita
1466 3453 1503 3524 itii

333 3587 443 3684 facere
463 3585 667 3668 deberemus,
692 3587 778 3656 sicut
796 3585 858 3656 alie
880 3586 1026 3656 ciuitates
1045 3583 1152 3654 Ystrie
1169 3583 1311 3666 faciunt,
1338 3582 1507 3654 secundum

333 3718 476 3783 nostram
494 3717 602 3782 tamen
620 3711 878 3806 possibilitatem.

422 3837 465 3908 Et
500 3839 527 3908 si
563 3839 754 3932 contigerit,
791 3840 911 3934 piratas
948 3837 999 3908 vei
1031 3837 1111 3910 alios
1143 3839 1307 3934 predones
1339 3861 1358 3908 a
1389 3835 1505 3909 Rubino

332 3965 415 4035 inira
447 3965 574 4048 venire,
601 3987 670 4038 .nos
702 3965 774 4036 illos
804 3967 955 4060 persequi
990 3972 1024 4036 et
1055 3965 1220 4036 debellare
1249 3966 1434 4037 debeamus.
1469 3964 1504 4032 Et

332 4091 360 4160 si
388 4113 505 4185 capere
533 4115 590 4162 eos
617 4092 815 4186 poterimus,
849 4094 909 4186 ipsi
938 4093 1067 4164 domino
1095 4092 1177 4164 Duci
1205 4117 1264 4166 eos
1295 4087 1501 4186 representari

334 4218 500 4288 faciemus.

334 4419 371 4427 -ι

360 4567 385 4640 ¹)
405 4570 572 4622 candaliis
590 4573 639 4624 LP.
921 4575 925 4642 Ι
975 4571 1004 4643 ²)
1024 4575 1221 4628 haberemus
1242 4589 1375 4644 semper
1393 4570 1439 4624 bu.
