<?xml version="1.0" encoding="UTF-8"?>
<!DOCTYPE html PUBLIC "-//W3C//DTD XHTML 1.0 Transitional//EN"
    "http://www.w3.org/TR/xhtml1/DTD/xhtml1-transitional.dtd">
<html xmlns="http://www.w3.org/1999/xhtml" xml:lang="en" lang="en">
 <head>
  <title>
</title>
<meta http-equiv="Content-Type" content="text/html;charset=utf-8" />
  <meta name='ocr-system' content='tesseract 3.04.00' />
  <meta name='ocr-capabilities' content='ocr_page ocr_carea ocr_par ocr_line ocrx_word'/>
</head>
<body>
  <div class='ocr_page' id='page_1' title='image "./fontesrerumaust07kommgoog_0445.png"; bbox 0 0 3110 5080; ppageno 0'>
   <div class='ocr_carea' id='block_1_1' title="bbox 306 331 1076 402">
    <p class='ocr_par' dir='ltr' id='par_1_1' title="bbox 306 331 1076 402">
     <span class='ocr_line' id='line_1_1' title="bbox 306 331 1076 402; baseline -0.013 0"><span class='ocrx_word' id='word_1_1' title='bbox 306 331 382 402; x_wconf 77' lang='lat'><strong>422</strong></span> <span class='ocrx_word' id='word_1_2' title='bbox 714 339 1076 396; x_wconf 75' lang='lat' dir='ltr'><strong>Pncrcuinnnsrrnonuu.</strong></span> 
     </span>
    </p>
   </div>
   <div class='ocr_carea' id='block_1_2' title="bbox 303 509 1497 4650">
    <p class='ocr_par' dir='ltr' id='par_1_2' title="bbox 303 509 1491 732">
     <span class='ocr_line' id='line_1_2' title="bbox 303 509 1491 606; baseline -0.003 -24"><span class='ocrx_word' id='word_1_3' title='bbox 303 511 576 606; x_wconf 75' lang='lat' dir='ltr'><strong>Archiepiseopus</strong></span> <span class='ocrx_word' id='word_1_4' title='bbox 604 517 711 582; x_wconf 86' lang='lat' dir='ltr'><strong>nutem</strong></span> <span class='ocrx_word' id='word_1_5' title='bbox 740 531 758 580; x_wconf 83' lang='lat' dir='ltr'><strong>u</strong></span> <span class='ocrx_word' id='word_1_6' title='bbox 786 509 914 582; x_wconf 90' lang='lat' dir='ltr'><strong>domino</strong></span> <span class='ocrx_word' id='word_1_7' title='bbox 940 509 1127 581; x_wconf 84' lang='lat' dir='ltr'><strong>Putriurclru</strong></span> <span class='ocrx_word' id='word_1_8' title='bbox 1162 510 1320 582; x_wconf 87' lang='lat' dir='ltr'><strong>honorem</strong></span> <span class='ocrx_word' id='word_1_9' title='bbox 1347 509 1491 604; x_wconf 76' lang='lat' dir='ltr'><strong>accipiet</strong></span> 
     </span>
     <span class='ocr_line' id='line_1_3' title="bbox 305 635 1417 732; baseline -0.003 -21"><span class='ocrx_word' id='word_1_10' title='bbox 305 648 509 720; x_wconf 88' lang='lat' dir='ltr'><strong>consuetum,</strong></span> <span class='ocrx_word' id='word_1_11' title='bbox 529 640 631 710; x_wconf 86' lang='lat' dir='ltr'><strong>etius</strong></span> <span class='ocrx_word' id='word_1_12' title='bbox 651 638 691 709; x_wconf 87' lang='lat' dir='ltr'><strong>dc</strong></span> <span class='ocrx_word' id='word_1_13' title='bbox 711 635 900 708; x_wconf 80' lang='lat' dir='ltr'><strong>Dalmatinis</strong></span> <span class='ocrx_word' id='word_1_14' title='bbox 919 635 1090 732; x_wconf 82' lang='lat' dir='ltr'><strong>Episcopis</strong></span> <span class='ocrx_word' id='word_1_15' title='bbox 1110 637 1139 708; x_wconf 86' lang='lat' dir='ltr'><strong>ei</strong></span> <span class='ocrx_word' id='word_1_16' title='bbox 1159 659 1224 709; x_wconf 91' lang='lat' dir='ltr'><strong>nou</strong></span> <span class='ocrx_word' id='word_1_17' title='bbox 1244 639 1417 710; x_wconf 80' lang='lat' dir='ltr'><strong>minuatur.</strong></span> 
     </span>
    </p>

    <p class='ocr_par' dir='ltr' id='par_1_3' title="bbox 305 761 1491 1218">
     <span class='ocr_line' id='line_1_4' title="bbox 393 761 1490 858; baseline -0.002 -22"><span class='ocrx_word' id='word_1_18' title='bbox 393 763 531 836; x_wconf 81' lang='lat' dir='ltr'>Habebit</span> <span class='ocrx_word' id='word_1_19' title='bbox 549 762 824 858; x_wconf 77' lang='lat' dir='ltr'><strong>Archiepiscopus</strong></span> <span class='ocrx_word' id='word_1_20' title='bbox 849 785 962 834; x_wconf 85' lang='lat' dir='ltr'><strong>omues</strong></span> <span class='ocrx_word' id='word_1_21' title='bbox 987 761 1138 834; x_wconf 81' lang='lat' dir='ltr'><strong>introitus</strong></span> <span class='ocrx_word' id='word_1_22' title='bbox 1157 769 1191 835; x_wconf 91' lang='lat' dir='ltr'><strong>et</strong></span> <span class='ocrx_word' id='word_1_23' title='bbox 1208 786 1323 836; x_wconf 88' lang='lat' dir='ltr'><strong>omnes</strong></span> <span class='ocrx_word' id='word_1_24' title='bbox 1348 763 1490 835; x_wconf 87' lang='lat' dir='ltr'><strong>honori-</strong></span> 
     </span>
     <span class='ocr_line' id='line_1_5' title="bbox 306 889 1491 986; baseline -0.001 -24"><span class='ocrx_word' id='word_1_25' title='bbox 306 892 470 976; x_wconf 83' lang='lat' dir='ltr'><strong>ficentias,</strong></span> <span class='ocrx_word' id='word_1_26' title='bbox 490 913 570 986; x_wconf 81' lang='lat' dir='ltr'><strong>quos</strong></span> <span class='ocrx_word' id='word_1_27' title='bbox 588 890 710 962; x_wconf 83' lang='lat' dir='ltr'><strong>habere</strong></span> <span class='ocrx_word' id='word_1_28' title='bbox 730 895 972 962; x_wconf 80' lang='lat' dir='ltr'><strong>consueuerant</strong></span> <span class='ocrx_word' id='word_1_29' title='bbox 990 889 1258 985; x_wconf 81' lang='lat' dir='ltr'><strong>Archiepiscopi,</strong></span> <span class='ocrx_word' id='word_1_30' title='bbox 1281 893 1335 984; x_wconf 92' lang='lat' dir='ltr'><strong>qui</strong></span> <span class='ocrx_word' id='word_1_31' title='bbox 1353 892 1491 962; x_wconf 83' lang='lat' dir='ltr'><strong>fuerunt</strong></span> 
     </span>
     <span class='ocr_line' id='line_1_6' title="bbox 306 1017 1489 1112; baseline -0.003 -20"><span class='ocrx_word' id='word_1_32' title='bbox 306 1029 393 1106; x_wconf 85' lang='lat' dir='ltr'><strong>aute,</strong></span> <span class='ocrx_word' id='word_1_33' title='bbox 414 1027 449 1092; x_wconf 89' lang='lat' dir='ltr'><strong>et</strong></span> <span class='ocrx_word' id='word_1_34' title='bbox 461 1045 481 1091; x_wconf 84' lang='lat' dir='ltr'><strong>u</strong></span> <span class='ocrx_word' id='word_1_35' title='bbox 495 1020 656 1092; x_wconf 89' lang='lat' dir='ltr'><strong>communi</strong></span> <span class='ocrx_word' id='word_1_36' title='bbox 670 1017 770 1092; x_wconf 80' lang='lat' dir='ltr'><strong>Jnrlrc</strong></span> <span class='ocrx_word' id='word_1_37' title='bbox 783 1018 916 1111; x_wconf 88' lang='lat' dir='ltr'><strong>insuper</strong></span> <span class='ocrx_word' id='word_1_38' title='bbox 930 1017 1016 1090; x_wconf 89' lang='lat' dir='ltr'><strong>omui</strong></span> <span class='ocrx_word' id='word_1_39' title='bbox 1035 1041 1121 1090; x_wconf 86' lang='lat' dir='ltr'><strong>unno</strong></span> <span class='ocrx_word' id='word_1_40' title='bbox 1141 1019 1173 1090; x_wconf 91' lang='lat' dir='ltr'><strong>in</strong></span> <span class='ocrx_word' id='word_1_41' title='bbox 1191 1017 1354 1090; x_wconf 80' lang='lat' dir='ltr'><strong>licllcndis</strong></span> <span class='ocrx_word' id='word_1_42' title='bbox 1372 1020 1489 1112; x_wconf 63' lang='grc' dir='ltr'><strong>Ματρί]</strong></span> 
     </span>
     <span class='ocr_line' id='line_1_7' title="bbox 305 1143 1404 1218; baseline 0 -2"><span class='ocrx_word' id='word_1_43' title='bbox 305 1148 425 1217; x_wconf 86' lang='lat' dir='ltr'><strong>mensis</strong></span> <span class='ocrx_word' id='word_1_44' title='bbox 443 1169 542 1216; x_wconf 94' lang='lat' dir='ltr'><strong>uuum</strong></span> <span class='ocrx_word' id='word_1_45' title='bbox 561 1144 740 1216; x_wconf 80' lang='lat' dir='ltr'><strong>milliarium</strong></span> <span class='ocrx_word' id='word_1_46' title='bbox 759 1150 793 1216; x_wconf 91' lang='lat' dir='ltr'><strong>et</strong></span> <span class='ocrx_word' id='word_1_47' title='bbox 810 1143 973 1215; x_wconf 88' lang='lat' dir='ltr'><strong>dimidium</strong></span> <span class='ocrx_word' id='word_1_48' title='bbox 992 1144 1214 1216; x_wconf 76' lang='lat' dir='ltr'><strong>cuniculorum</strong></span> <span class='ocrx_word' id='word_1_49' title='bbox 1233 1145 1404 1218; x_wconf 80' lang='lat' dir='ltr'><strong>bonarum.</strong></span> 
     </span>
    </p>

    <p class='ocr_par' dir='ltr' id='par_1_4' title="bbox 305 1271 1492 1749">
     <span class='ocr_line' id='line_1_8' title="bbox 395 1271 1491 1356; baseline 0 -12"><span class='ocrx_word' id='word_1_50' title='bbox 395 1273 511 1344; x_wconf 85' lang='lat' dir='ltr'><strong>Clerus</strong></span> <span class='ocrx_word' id='word_1_51' title='bbox 529 1278 636 1344; x_wconf 85' lang='lat' dir='ltr'><strong>cutem</strong></span> <span class='ocrx_word' id='word_1_52' title='bbox 650 1271 701 1343; x_wconf 87' lang='lat' dir='ltr'><strong>bis</strong></span> <span class='ocrx_word' id='word_1_53' title='bbox 716 1271 747 1342; x_wconf 91' lang='lat' dir='ltr'><strong>in</strong></span> <span class='ocrx_word' id='word_1_54' title='bbox 766 1291 864 1356; x_wconf 83' lang='lat' dir='ltr'><strong>suno,</strong></span> <span class='ocrx_word' id='word_1_55' title='bbox 884 1272 915 1341; x_wconf 92' lang='lat' dir='ltr'><strong>iu</strong></span> <span class='ocrx_word' id='word_1_56' title='bbox 934 1272 1105 1344; x_wconf 79' lang='lat' dir='ltr'><strong>nutiuitste</strong></span> <span class='ocrx_word' id='word_1_57' title='bbox 1119 1271 1244 1346; x_wconf 80' lang='lat' dir='ltr'><strong>Domini</strong></span> <span class='ocrx_word' id='word_1_58' title='bbox 1260 1279 1295 1344; x_wconf 90' lang='lat' dir='ltr'><strong>et</strong></span> <span class='ocrx_word' id='word_1_59' title='bbox 1311 1273 1342 1343; x_wconf 90' lang='lat' dir='ltr'><strong>iu</strong></span> <span class='ocrx_word' id='word_1_60' title='bbox 1361 1271 1491 1344; x_wconf 75' lang='lat' dir='ltr'><strong>Pascha</strong></span> 
     </span>
     <span class='ocr_line' id='line_1_9' title="bbox 305 1397 1492 1494; baseline -0.001 -23"><span class='ocrx_word' id='word_1_61' title='bbox 305 1399 576 1484; x_wconf 83' lang='lat' dir='ltr'><strong>Resurrectionis‚</strong></span> <span class='ocrx_word' id='word_1_62' title='bbox 595 1397 708 1470; x_wconf 84' lang='lat' dir='ltr'><strong>laudes</strong></span> <span class='ocrx_word' id='word_1_63' title='bbox 727 1397 905 1470; x_wconf 78' lang='lat' dir='ltr'><strong>cantabunt</strong></span> <span class='ocrx_word' id='word_1_64' title='bbox 922 1397 955 1468; x_wconf 91' lang='lat' dir='ltr'><strong>in</strong></span> <span class='ocrx_word' id='word_1_65' title='bbox 974 1399 1088 1470; x_wconf 80' lang='lat' dir='ltr'><strong>maiori</strong></span> <span class='ocrx_word' id='word_1_66' title='bbox 1108 1397 1257 1470; x_wconf 75' lang='lat' dir='ltr'><strong>Ecclesia</strong></span> <span class='ocrx_word' id='word_1_67' title='bbox 1276 1399 1492 1494; x_wconf 78' lang='lat' dir='ltr'><strong>solempniter</strong></span> 
     </span>
     <span class='ocr_line' id='line_1_10' title="bbox 306 1523 1492 1622; baseline -0.002 -24"><span class='ocrx_word' id='word_1_68' title='bbox 306 1527 435 1598; x_wconf 91' lang='lat' dir='ltr'><strong>domino</strong></span> <span class='ocrx_word' id='word_1_69' title='bbox 449 1525 531 1596; x_wconf 92' lang='lat' dir='ltr'><strong>Duci</strong></span> <span class='ocrx_word' id='word_1_70' title='bbox 542 1532 576 1597; x_wconf 89' lang='lat' dir='ltr'><strong>et</strong></span> <span class='ocrx_word' id='word_1_71' title='bbox 590 1523 720 1596; x_wconf 85' lang='lat' dir='ltr'><strong>donnino</strong></span> <span class='ocrx_word' id='word_1_72' title='bbox 731 1523 920 1597; x_wconf 84' lang='lat' dir='ltr'><strong>Patriurche</strong></span> <span class='ocrx_word' id='word_1_73' title='bbox 931 1531 1030 1620; x_wconf 83' lang='lat' dir='ltr'><strong>utque</strong></span> <span class='ocrx_word' id='word_1_74' title='bbox 1042 1525 1296 1622; x_wconf 81' lang='lat' dir='ltr'><strong>Archicpiscopo</strong></span> <span class='ocrx_word' id='word_1_75' title='bbox 1306 1551 1365 1598; x_wconf 88' lang='lat' dir='ltr'><strong>suo</strong></span> <span class='ocrx_word' id='word_1_76' title='bbox 1376 1533 1409 1597; x_wconf 88' lang='lat' dir='ltr'><strong>et</strong></span> <span class='ocrx_word' id='word_1_77' title='bbox 1420 1529 1492 1598; x_wconf 83' lang='lat' dir='ltr'><strong>Co-</strong></span> 
     </span>
     <span class='ocr_line' id='line_1_11' title="bbox 309 1651 1492 1749; baseline -0.004 -23"><span class='ocrx_word' id='word_1_78' title='bbox 309 1655 375 1726; x_wconf 90' lang='lat' dir='ltr'><strong>miti</strong></span> <span class='ocrx_word' id='word_1_79' title='bbox 390 1653 475 1726; x_wconf 91' lang='lat' dir='ltr'><strong>omni</strong></span> <span class='ocrx_word' id='word_1_80' title='bbox 491 1675 587 1738; x_wconf 82' lang='lat' dir='ltr'><strong>cuno,</strong></span> <span class='ocrx_word' id='word_1_81' title='bbox 602 1661 738 1749; x_wconf 89' lang='lat' dir='ltr'><strong>propter</strong></span> <span class='ocrx_word' id='word_1_82' title='bbox 748 1651 835 1748; x_wconf 79' lang='lat' dir='ltr'><strong>quod</strong></span> <span class='ocrx_word' id='word_1_83' title='bbox 848 1651 1108 1724; x_wconf 87' lang='lat' dir='ltr'><strong>benedictionem</strong></span> <span class='ocrx_word' id='word_1_84' title='bbox 1117 1654 1278 1748; x_wconf 84' lang='lat' dir='ltr'><strong>recipient</strong></span> <span class='ocrx_word' id='word_1_85' title='bbox 1285 1659 1492 1725; x_wconf 82' lang='lat' dir='ltr'><strong>consuetum.</strong></span> 
     </span>
    </p>

    <p class='ocr_par' dir='ltr' id='par_1_5' title="bbox 307 1778 1495 3016">
     <span class='ocr_line' id='line_1_12' title="bbox 397 1778 1495 1874; baseline 0 -22"><span class='ocrx_word' id='word_1_86' title='bbox 397 1781 529 1874; x_wconf 76' lang='lat' dir='ltr'><strong>illigent</strong></span> <span class='ocrx_word' id='word_1_87' title='bbox 542 1778 702 1852; x_wconf 81' lang='lat' dir='ltr'><strong>lcdrstiui</strong></span> <span class='ocrx_word' id='word_1_88' title='bbox 721 1802 852 1873; x_wconf 81' lang='lat' dir='ltr'><strong>semper</strong></span> <span class='ocrx_word' id='word_1_89' title='bbox 866 1779 1025 1852; x_wconf 82' lang='lat' dir='ltr'><strong>Comitem</strong></span> <span class='ocrx_word' id='word_1_90' title='bbox 1040 1780 1081 1850; x_wconf 90' lang='lat' dir='ltr'><strong>de</strong></span> <span class='ocrx_word' id='word_1_91' title='bbox 1094 1778 1252 1871; x_wconf 63' lang='lat' dir='ltr'><strong>venerim,</strong></span> <span class='ocrx_word' id='word_1_92' title='bbox 1272 1786 1305 1852; x_wconf 86' lang='lat' dir='ltr'><strong>et</strong></span> <span class='ocrx_word' id='word_1_93' title='bbox 1322 1779 1495 1852; x_wconf 81' lang='lat' dir='ltr'><strong>habebunt</strong></span> 
     </span>
     <span class='ocr_line' id='line_1_13' title="bbox 307 1905 1492 2003; baseline -0.003 -23"><span class='ocrx_word' id='word_1_94' title='bbox 307 1933 325 1979; x_wconf 87' lang='lat' dir='ltr'><strong>c</strong></span> <span class='ocrx_word' id='word_1_95' title='bbox 343 1908 454 1980; x_wconf 78' lang='lat' dir='ltr'><strong>cndu</strong></span> <span class='ocrx_word' id='word_1_96' title='bbox 473 1930 578 2001; x_wconf 89' lang='lat' dir='ltr'><strong>usque</strong></span> <span class='ocrx_word' id='word_1_97' title='bbox 597 1905 638 1977; x_wconf 86' lang='lat' dir='ltr'><strong>cd</strong></span> <span class='ocrx_word' id='word_1_98' title='bbox 652 1908 759 2003; x_wconf 84' lang='lat' dir='ltr'><strong>Doput</strong></span> <span class='ocrx_word' id='word_1_99' title='bbox 772 1905 928 2000; x_wconf 80' lang='lat' dir='ltr'><strong>Aggeris,</strong></span> <span class='ocrx_word' id='word_1_100' title='bbox 948 1910 983 1977; x_wconf 87' lang='lat' dir='ltr'><strong>et</strong></span> <span class='ocrx_word' id='word_1_101' title='bbox 1001 1907 1275 1999; x_wconf 80' lang='lat' dir='ltr'><strong>representsbunt</strong></span> <span class='ocrx_word' id='word_1_102' title='bbox 1292 1906 1492 1978; x_wconf 84' lang='lat' dir='ltr'><strong>electionem</strong></span> 
     </span>
     <span class='ocr_line' id='line_1_14' title="bbox 307 2031 1491 2128; baseline -0.003 -21"><span class='ocrx_word' id='word_1_103' title='bbox 307 2035 435 2107; x_wconf 90' lang='lat' dir='ltr'><strong>domino</strong></span> <span class='ocrx_word' id='word_1_104' title='bbox 454 2033 548 2117; x_wconf 92' lang='lat' dir='ltr'><strong>Duci,</strong></span> <span class='ocrx_word' id='word_1_105' title='bbox 568 2032 620 2104; x_wconf 92' lang='lat' dir='ltr'><strong>uel</strong></span> <span class='ocrx_word' id='word_1_106' title='bbox 640 2033 693 2127; x_wconf 87' lang='lat' dir='ltr'><strong>qui</strong></span> <span class='ocrx_word' id='word_1_107' title='bbox 711 2057 771 2128; x_wconf 90' lang='lat' dir='ltr'><strong>pro</strong></span> <span class='ocrx_word' id='word_1_108' title='bbox 791 2033 862 2127; x_wconf 89' lang='lat' dir='ltr'><strong>ipso</strong></span> <span class='ocrx_word' id='word_1_109' title='bbox 882 2033 945 2105; x_wconf 89' lang='lat' dir='ltr'><strong>erit</strong></span> <span class='ocrx_word' id='word_1_110' title='bbox 962 2031 1115 2116; x_wconf 88' lang='lat' dir='ltr'><strong>Venetie;</strong></span> <span class='ocrx_word' id='word_1_111' title='bbox 1145 2039 1179 2104; x_wconf 90' lang='lat' dir='ltr'><strong>et</strong></span> <span class='ocrx_word' id='word_1_112' title='bbox 1203 2034 1339 2127; x_wconf 85' lang='lat' dir='ltr'><strong>recipiet</strong></span> <span class='ocrx_word' id='word_1_113' title='bbox 1361 2033 1491 2104; x_wconf 89' lang='lat' dir='ltr'><strong>electus</strong></span> 
     </span>
     <span class='ocr_line' id='line_1_15' title="bbox 309 2161 1491 2245; baseline -0.003 -12"><span class='ocrx_word' id='word_1_114' title='bbox 309 2163 601 2245; x_wconf 82' lang='lat' dir='ltr'><strong>confirmationem,</strong></span> <span class='ocrx_word' id='word_1_115' title='bbox 627 2161 713 2232; x_wconf 81' lang='lat' dir='ltr'><strong>iacta</strong></span> <span class='ocrx_word' id='word_1_116' title='bbox 739 2161 947 2233; x_wconf 89' lang='lat' dir='ltr'><strong>inuestitionc</strong></span> <span class='ocrx_word' id='word_1_117' title='bbox 966 2161 1006 2231; x_wconf 83' lang='lat' dir='ltr'><strong>nb</strong></span> <span class='ocrx_word' id='word_1_118' title='bbox 1025 2183 1078 2231; x_wconf 91' lang='lat' dir='ltr'><strong>eo.</strong></span> <span class='ocrx_word' id='word_1_119' title='bbox 1107 2161 1235 2232; x_wconf 80' lang='lat' dir='ltr'><strong>Jurnbit</strong></span> <span class='ocrx_word' id='word_1_120' title='bbox 1253 2161 1282 2232; x_wconf 91' lang='lat' dir='ltr'><strong>ei</strong></span> <span class='ocrx_word' id='word_1_121' title='bbox 1301 2161 1491 2232; x_wconf 78' lang='lat' dir='ltr'><strong>fidelitatem</strong></span> 
     </span>
     <span class='ocr_line' id='line_1_16' title="bbox 309 2286 1493 2376; baseline -0.002 -16"><span class='ocrx_word' id='word_1_122' title='bbox 309 2296 344 2360; x_wconf 92' lang='lat' dir='ltr'><strong>et</strong></span> <span class='ocrx_word' id='word_1_123' title='bbox 361 2287 609 2360; x_wconf 89' lang='lat' dir='ltr'><strong>successoribus</strong></span> <span class='ocrx_word' id='word_1_124' title='bbox 628 2288 707 2359; x_wconf 86' lang='lat' dir='ltr'><strong>suis.</strong></span> <span class='ocrx_word' id='word_1_125' title='bbox 737 2287 800 2376; x_wconf 83' lang='lat' dir='ltr'><strong>Qui</strong></span> <span class='ocrx_word' id='word_1_126' title='bbox 818 2287 943 2359; x_wconf 89' lang='lat' dir='ltr'><strong>electus</strong></span> <span class='ocrx_word' id='word_1_127' title='bbox 962 2287 1072 2372; x_wconf 86' lang='lat' dir='ltr'><strong>luerit,</strong></span> <span class='ocrx_word' id='word_1_128' title='bbox 1092 2289 1118 2357; x_wconf 89' lang='lat' dir='ltr'><strong>si</strong></span> <span class='ocrx_word' id='word_1_129' title='bbox 1137 2289 1224 2358; x_wconf 84' lang='lat' dir='ltr'><strong>sorte</strong></span> <span class='ocrx_word' id='word_1_130' title='bbox 1243 2286 1438 2360; x_wconf 89' lang='lat' dir='ltr'><strong>electionem</strong></span> <span class='ocrx_word' id='word_1_131' title='bbox 1458 2288 1493 2358; x_wconf 89' lang='lat' dir='ltr'><strong>iu</strong></span> 
     </span>
     <span class='ocr_line' id='line_1_17' title="bbox 310 2413 1494 2510; baseline 0.001 -24"><span class='ocrx_word' id='word_1_132' title='bbox 310 2439 346 2486; x_wconf 87' lang='lat' dir='ltr'><strong>se</strong></span> <span class='ocrx_word' id='word_1_133' title='bbox 366 2417 484 2486; x_wconf 83' lang='lat' dir='ltr'><strong>loetum</strong></span> <span class='ocrx_word' id='word_1_134' title='bbox 502 2423 690 2500; x_wconf 80' lang='lat' dir='ltr'><strong>recusaret,</strong></span> <span class='ocrx_word' id='word_1_135' title='bbox 711 2415 835 2508; x_wconf 80' lang='lat' dir='ltr'><strong>eligere</strong></span> <span class='ocrx_word' id='word_1_136' title='bbox 854 2415 895 2486; x_wconf 88' lang='lat' dir='ltr'><strong>de</strong></span> <span class='ocrx_word' id='word_1_137' title='bbox 915 2413 1061 2508; x_wconf 86' lang='lat' dir='ltr'><strong>Veuetijs</strong></span> <span class='ocrx_word' id='word_1_138' title='bbox 1081 2437 1145 2487; x_wconf 94' lang='lat' dir='ltr'><strong>nou</strong></span> <span class='ocrx_word' id='word_1_139' title='bbox 1165 2415 1359 2500; x_wconf 79' lang='lat' dir='ltr'><strong>cessabunt,</strong></span> <span class='ocrx_word' id='word_1_140' title='bbox 1387 2439 1494 2510; x_wconf 87' lang='lat' dir='ltr'><strong>usque</strong></span> 
     </span>
     <span class='ocr_line' id='line_1_18' title="bbox 310 2540 1494 2636; baseline -0.001 -23"><span class='ocrx_word' id='word_1_141' title='bbox 310 2542 385 2614; x_wconf 84' lang='lat' dir='ltr'><strong>dum</strong></span> <span class='ocrx_word' id='word_1_142' title='bbox 404 2543 553 2614; x_wconf 85' lang='lat' dir='ltr'><strong>inuentus</strong></span> <span class='ocrx_word' id='word_1_143' title='bbox 572 2541 682 2626; x_wconf 85' lang='lat' dir='ltr'><strong>luerit,</strong></span> <span class='ocrx_word' id='word_1_144' title='bbox 702 2543 756 2635; x_wconf 86' lang='lat' dir='ltr'><strong>qui</strong></span> <span class='ocrx_word' id='word_1_145' title='bbox 775 2542 967 2616; x_wconf 85' lang='lat' dir='ltr'><strong>electionem</strong></span> <span class='ocrx_word' id='word_1_146' title='bbox 982 2542 1065 2614; x_wconf 88' lang='lat' dir='ltr'><strong>inse</strong></span> <span class='ocrx_word' id='word_1_147' title='bbox 1083 2543 1202 2614; x_wconf 80' lang='lat' dir='ltr'><strong>lactum</strong></span> <span class='ocrx_word' id='word_1_148' title='bbox 1221 2542 1369 2636; x_wconf 79' lang='lat' dir='ltr'><strong>recipiat.</strong></span> <span class='ocrx_word' id='word_1_149' title='bbox 1388 2540 1494 2613; x_wconf 85' lang='lat' dir='ltr'><strong>Simili</strong></span> 
     </span>
     <span class='ocr_line' id='line_1_19' title="bbox 311 2666 1493 2762; baseline -0.003 -20"><span class='ocrx_word' id='word_1_150' title='bbox 311 2670 406 2742; x_wconf 91' lang='lat' dir='ltr'><strong>modo</strong></span> <span class='ocrx_word' id='word_1_151' title='bbox 420 2669 541 2739; x_wconf 84' lang='lat' dir='ltr'><strong>inolent</strong></span> <span class='ocrx_word' id='word_1_152' title='bbox 560 2667 653 2740; x_wconf 86' lang='lat' dir='ltr'><strong>etde</strong></span> <span class='ocrx_word' id='word_1_153' title='bbox 672 2667 833 2743; x_wconf 88' lang='lat' dir='ltr'><strong>electione</strong></span> <span class='ocrx_word' id='word_1_154' title='bbox 846 2666 1111 2762; x_wconf 79' lang='lat' dir='ltr'><strong>Archiepiscopi3</strong></span> <span class='ocrx_word' id='word_1_155' title='bbox 1132 2675 1166 2739; x_wconf 92' lang='lat' dir='ltr'><strong>et</strong></span> <span class='ocrx_word' id='word_1_156' title='bbox 1179 2669 1228 2738; x_wconf 88' lang='lat' dir='ltr'><strong>sic</strong></span> <span class='ocrx_word' id='word_1_157' title='bbox 1242 2668 1364 2739; x_wconf 76' lang='lat' dir='ltr'><strong>facient</strong></span> <span class='ocrx_word' id='word_1_158' title='bbox 1376 2691 1493 2739; x_wconf 85' lang='lat' dir='ltr'><strong>omnes</strong></span> 
     </span>
     <span class='ocr_line' id='line_1_20' title="bbox 312 2794 1494 2889; baseline -0.004 -20"><span class='ocrx_word' id='word_1_159' title='bbox 312 2797 468 2877; x_wconf 77' lang='lat' dir='ltr'><strong>Comites,</strong></span> <span class='ocrx_word' id='word_1_160' title='bbox 484 2795 536 2888; x_wconf 87' lang='lat' dir='ltr'><strong>qui</strong></span> <span class='ocrx_word' id='word_1_161' title='bbox 554 2817 615 2889; x_wconf 89' lang='lat' dir='ltr'><strong>per</strong></span> <span class='ocrx_word' id='word_1_162' title='bbox 627 2801 775 2888; x_wconf 78' lang='lat' dir='ltr'><strong>tompore</strong></span> <span class='ocrx_word' id='word_1_163' title='bbox 786 2801 894 2879; x_wconf 89' lang='lat' dir='ltr'><strong>erunt,</strong></span> <span class='ocrx_word' id='word_1_164' title='bbox 908 2794 1066 2878; x_wconf 88' lang='lat' dir='ltr'><strong>Ducibus,</strong></span> <span class='ocrx_word' id='word_1_165' title='bbox 1082 2795 1136 2886; x_wconf 91' lang='lat' dir='ltr'><strong>qui</strong></span> <span class='ocrx_word' id='word_1_166' title='bbox 1150 2817 1211 2888; x_wconf 91' lang='lat' dir='ltr'><strong>per</strong></span> <span class='ocrx_word' id='word_1_167' title='bbox 1224 2801 1371 2888; x_wconf 78' lang='lat' dir='ltr'><strong>tempora</strong></span> <span class='ocrx_word' id='word_1_168' title='bbox 1382 2801 1494 2880; x_wconf 90' lang='lat' dir='ltr'><strong>erunt,</strong></span> 
     </span>
     <span class='ocr_line' id='line_1_21' title="bbox 312 2923 564 3016; baseline 0 -24"><span class='ocrx_word' id='word_1_169' title='bbox 312 2923 344 2993; x_wconf 91' lang='lat' dir='ltr'><strong>in</strong></span> <span class='ocrx_word' id='word_1_170' title='bbox 362 2929 564 3016; x_wconf 87' lang='lat' dir='ltr'><strong>perpetuum.</strong></span> 
     </span>
    </p>

    <p class='ocr_par' dir='ltr' id='par_1_6' title="bbox 314 3045 1495 3522">
     <span class='ocr_line' id='line_1_22' title="bbox 402 3045 1494 3129; baseline -0.001 -11"><span class='ocrx_word' id='word_1_171' title='bbox 402 3049 518 3118; x_wconf 84' lang='lat' dir='ltr'><strong>Comes</strong></span> <span class='ocrx_word' id='word_1_172' title='bbox 544 3053 649 3120; x_wconf 82' lang='lat' dir='ltr'><strong>sutem</strong></span> <span class='ocrx_word' id='word_1_173' title='bbox 678 3045 810 3118; x_wconf 82' lang='lat' dir='ltr'><strong>hebebit</strong></span> <span class='ocrx_word' id='word_1_174' title='bbox 836 3069 950 3120; x_wconf 88' lang='lat' dir='ltr'><strong>omnes</strong></span> <span class='ocrx_word' id='word_1_175' title='bbox 978 3045 1127 3118; x_wconf 79' lang='lat' dir='ltr'><strong>redditus</strong></span> <span class='ocrx_word' id='word_1_176' title='bbox 1154 3052 1189 3116; x_wconf 91' lang='lat' dir='ltr'><strong>et</strong></span> <span class='ocrx_word' id='word_1_177' title='bbox 1216 3045 1494 3129; x_wconf 77' lang='lat' dir='ltr'><strong>honorificentias,</strong></span> 
     </span>
     <span class='ocr_line' id='line_1_23' title="bbox 314 3171 1495 3270; baseline -0.003 -24"><span class='ocrx_word' id='word_1_178' title='bbox 314 3199 394 3270; x_wconf 84' lang='lat' dir='ltr'><strong>quus</strong></span> <span class='ocrx_word' id='word_1_179' title='bbox 413 3176 535 3246; x_wconf 81' lang='lat' dir='ltr'><strong>habere</strong></span> <span class='ocrx_word' id='word_1_180' title='bbox 554 3174 704 3245; x_wconf 83' lang='lat' dir='ltr'><strong>solebant</strong></span> <span class='ocrx_word' id='word_1_181' title='bbox 722 3179 756 3244; x_wconf 90' lang='lat' dir='ltr'><strong>et</strong></span> <span class='ocrx_word' id='word_1_182' title='bbox 773 3173 957 3244; x_wconf 79' lang='lat' dir='ltr'><strong>habuerunt</strong></span> <span class='ocrx_word' id='word_1_183' title='bbox 975 3173 1028 3268; x_wconf 88' lang='lat' dir='ltr'><strong>slij</strong></span> <span class='ocrx_word' id='word_1_184' title='bbox 1049 3171 1204 3257; x_wconf 81' lang='lat' dir='ltr'><strong>Comites,</strong></span> <span class='ocrx_word' id='word_1_185' title='bbox 1230 3179 1265 3244; x_wconf 92' lang='lat' dir='ltr'><strong>et</strong></span> <span class='ocrx_word' id='word_1_186' title='bbox 1281 3197 1395 3246; x_wconf 89' lang='lat' dir='ltr'><strong>omnes</strong></span> <span class='ocrx_word' id='word_1_187' title='bbox 1412 3174 1495 3246; x_wconf 87' lang='lat' dir='ltr'><strong>red·</strong></span> 
     </span>
     <span class='ocr_line' id='line_1_24' title="bbox 314 3299 1495 3395; baseline -0.003 -21"><span class='ocrx_word' id='word_1_188' title='bbox 314 3302 400 3374; x_wconf 91' lang='lat' dir='ltr'><strong>ditus</strong></span> <span class='ocrx_word' id='word_1_189' title='bbox 416 3308 450 3371; x_wconf 88' lang='lat' dir='ltr'><strong>et</strong></span> <span class='ocrx_word' id='word_1_190' title='bbox 463 3299 736 3382; x_wconf 81' lang='lat' dir='ltr'><strong>honorificentius,</strong></span> <span class='ocrx_word' id='word_1_191' title='bbox 757 3323 837 3393; x_wconf 89' lang='lat' dir='ltr'><strong>quus</strong></span> <span class='ocrx_word' id='word_1_192' title='bbox 851 3300 974 3372; x_wconf 81' lang='lat' dir='ltr'><strong>hebere</strong></span> <span class='ocrx_word' id='word_1_193' title='bbox 992 3301 1142 3373; x_wconf 81' lang='lat' dir='ltr'><strong>solebant</strong></span> <span class='ocrx_word' id='word_1_194' title='bbox 1159 3299 1201 3370; x_wconf 90' lang='lat' dir='ltr'><strong>de</strong></span> <span class='ocrx_word' id='word_1_195' title='bbox 1221 3299 1326 3371; x_wconf 85' lang='lat' dir='ltr'><strong>lusulc</strong></span> <span class='ocrx_word' id='word_1_196' title='bbox 1346 3299 1438 3395; x_wconf 82' lang='lat' dir='ltr'><strong>Pagi,</strong></span> <span class='ocrx_word' id='word_1_197' title='bbox 1459 3305 1495 3370; x_wconf 88' lang='lat' dir='ltr'><strong>et</strong></span> 
     </span>
     <span class='ocr_line' id='line_1_25' title="bbox 314 3402 1250 3522; baseline -0.001 -24"><span class='ocrx_word' id='word_1_198' title='bbox 314 3432 446 3521; x_wconf 89' lang='lat' dir='ltr'><strong>insuper</strong></span> <span class='ocrx_word' id='word_1_199' title='bbox 463 3427 643 3498; x_wconf 86' lang='lat' dir='ltr'><strong>Scherdum</strong></span> <span class='ocrx_word' id='word_1_200' title='bbox 662 3402 812 3512; x_wconf 80' lang='lat' dir='ltr'><strong>insulam,</strong></span> <span class='ocrx_word' id='word_1_201' title='bbox 832 3451 895 3522; x_wconf 88' lang='lat' dir='ltr'><strong>que</strong></span> <span class='ocrx_word' id='word_1_202' title='bbox 914 3435 965 3498; x_wconf 90' lang='lat' dir='ltr'><strong>est</strong></span> <span class='ocrx_word' id='word_1_203' title='bbox 982 3451 1100 3498; x_wconf 89' lang='lat' dir='ltr'><strong>uersus</strong></span> <span class='ocrx_word' id='word_1_204' title='bbox 1117 3431 1250 3500; x_wconf 82' lang='lat' dir='ltr'><strong>terram.</strong></span> 
     </span>
    </p>

    <p class='ocr_par' dir='ltr' id='par_1_7' title="bbox 316 3553 1496 4260">
     <span class='ocr_line' id='line_1_26' title="bbox 403 3553 1495 3648; baseline 0 -24"><span class='ocrx_word' id='word_1_205' title='bbox 403 3553 564 3626; x_wconf 83' lang='lat' dir='ltr'><strong>Jnrsbunt</strong></span> <span class='ocrx_word' id='word_1_206' title='bbox 580 3561 686 3625; x_wconf 84' lang='lat' dir='ltr'><strong>sutem</strong></span> <span class='ocrx_word' id='word_1_207' title='bbox 706 3561 740 3624; x_wconf 89' lang='lat' dir='ltr'><strong>et</strong></span> <span class='ocrx_word' id='word_1_208' title='bbox 758 3577 871 3626; x_wconf 90' lang='lat' dir='ltr'><strong>omnes</strong></span> <span class='ocrx_word' id='word_1_209' title='bbox 890 3553 1036 3626; x_wconf 87' lang='lat' dir='ltr'><strong>homines</strong></span> <span class='ocrx_word' id='word_1_210' title='bbox 1055 3554 1286 3638; x_wconf 77' lang='lat' dir='ltr'><strong>committatur,</strong></span> <span class='ocrx_word' id='word_1_211' title='bbox 1304 3563 1495 3648; x_wconf 84' lang='lat' dir='ltr'><strong>uqustuor-</strong></span> 
     </span>
     <span class='ocr_line' id='line_1_27' title="bbox 316 3681 1494 3776; baseline -0.003 -22"><span class='ocrx_word' id='word_1_212' title='bbox 316 3683 419 3754; x_wconf 89' lang='lat' dir='ltr'><strong>decim</strong></span> <span class='ocrx_word' id='word_1_213' title='bbox 437 3682 530 3752; x_wconf 78' lang='lat' dir='ltr'><strong>annis</strong></span> <span class='ocrx_word' id='word_1_214' title='bbox 549 3687 584 3751; x_wconf 90' lang='lat' dir='ltr'><strong>et</strong></span> <span class='ocrx_word' id='word_1_215' title='bbox 601 3703 711 3776; x_wconf 80' lang='lat' dir='ltr'><strong>supro,</strong></span> <span class='ocrx_word' id='word_1_216' title='bbox 738 3681 923 3752; x_wconf 70' lang='lat' dir='ltr'><strong>fidelitatem</strong></span> <span class='ocrx_word' id='word_1_217' title='bbox 943 3681 1073 3752; x_wconf 89' lang='lat' dir='ltr'><strong>domiuo</strong></span> <span class='ocrx_word' id='word_1_218' title='bbox 1093 3681 1175 3752; x_wconf 93' lang='lat' dir='ltr'><strong>Duci</strong></span> <span class='ocrx_word' id='word_1_219' title='bbox 1195 3687 1229 3752; x_wconf 93' lang='lat' dir='ltr'><strong>et</strong></span> <span class='ocrx_word' id='word_1_220' title='bbox 1246 3681 1494 3752; x_wconf 81' lang='lat' dir='ltr'><strong>successorihus</strong></span> 
     </span>
     <span class='ocr_line' id='line_1_28' title="bbox 316 3807 1495 3902; baseline -0.003 -22"><span class='ocrx_word' id='word_1_221' title='bbox 316 3809 400 3890; x_wconf 79' lang='lat' dir='ltr'><strong>suis3</strong></span> <span class='ocrx_word' id='word_1_222' title='bbox 430 3814 465 3879; x_wconf 85' lang='lat' dir='ltr'><strong>et</strong></span> <span class='ocrx_word' id='word_1_223' title='bbox 488 3809 556 3902; x_wconf 85' lang='lat' dir='ltr'><strong>ipso</strong></span> <span class='ocrx_word' id='word_1_224' title='bbox 584 3807 746 3879; x_wconf 76' lang='lat' dir='ltr'><strong>fidelitatis</strong></span> <span class='ocrx_word' id='word_1_225' title='bbox 774 3815 976 3879; x_wconf 76' lang='lat' dir='ltr'><strong>sacramento</strong></span> <span class='ocrx_word' id='word_1_226' title='bbox 1001 3808 1208 3878; x_wconf 86' lang='lat' dir='ltr'><strong>renousbuut</strong></span> <span class='ocrx_word' id='word_1_227' title='bbox 1235 3807 1372 3902; x_wconf 80' lang='lat' dir='ltr'><strong>singulis</strong></span> <span class='ocrx_word' id='word_1_228' title='bbox 1403 3809 1495 3878; x_wconf 87' lang='lat' dir='ltr'><strong>suuis</strong></span> 
     </span>
     <span class='ocr_line' id='line_1_29' title="bbox 318 3933 1495 4027; baseline -0.003 -21"><span class='ocrx_word' id='word_1_229' title='bbox 318 3935 442 4007; x_wconf 89' lang='lat' dir='ltr'><strong>decern.</strong></span> <span class='ocrx_word' id='word_1_230' title='bbox 469 3933 695 4027; x_wconf 84' lang='lat' dir='ltr'><strong>Jursbuntque</strong></span> <span class='ocrx_word' id='word_1_231' title='bbox 713 3934 902 4006; x_wconf 76' lang='lat' dir='ltr'><strong>fidelitatem</strong></span> <span class='ocrx_word' id='word_1_232' title='bbox 920 3935 1048 4006; x_wconf 87' lang='lat' dir='ltr'><strong>domino</strong></span> <span class='ocrx_word' id='word_1_233' title='bbox 1064 3935 1179 4006; x_wconf 83' lang='lat' dir='ltr'><strong>Domiti</strong></span> <span class='ocrx_word' id='word_1_234' title='bbox 1198 3957 1310 4006; x_wconf 88' lang='lat' dir='ltr'><strong>omues</strong></span> <span class='ocrx_word' id='word_1_235' title='bbox 1330 3941 1365 4006; x_wconf 92' lang='lat' dir='ltr'><strong>et</strong></span> <span class='ocrx_word' id='word_1_236' title='bbox 1384 3936 1495 4008; x_wconf 82' lang='lat' dir='ltr'><strong>Comi-</strong></span> 
     </span>
     <span class='ocr_line' id='line_1_30' title="bbox 318 4060 1496 4155; baseline -0.003 -22"><span class='ocrx_word' id='word_1_237' title='bbox 318 4063 404 4134; x_wconf 89' lang='lat' dir='ltr'><strong>tibns</strong></span> <span class='ocrx_word' id='word_1_238' title='bbox 418 4061 567 4132; x_wconf 85' lang='lat' dir='ltr'><strong>omnibus</strong></span> <span class='ocrx_word' id='word_1_239' title='bbox 582 4061 613 4131; x_wconf 91' lang='lat' dir='ltr'><strong>in</strong></span> <span class='ocrx_word' id='word_1_240' title='bbox 628 4067 819 4155; x_wconf 89' lang='lat' dir='ltr'><strong>perpetuum</strong></span> <span class='ocrx_word' id='word_1_241' title='bbox 836 4062 964 4146; x_wconf 81' lang='lat' dir='ltr'><strong>tuturis,</strong></span> <span class='ocrx_word' id='word_1_242' title='bbox 978 4060 1067 4132; x_wconf 82' lang='lat' dir='ltr'><strong>selus</strong></span> <span class='ocrx_word' id='word_1_243' title='bbox 1081 4061 1235 4132; x_wconf 77' lang='lat' dir='ltr'><strong>fidelitate</strong></span> <span class='ocrx_word' id='word_1_244' title='bbox 1249 4061 1367 4132; x_wconf 87' lang='lat' dir='ltr'><strong>domini</strong></span> <span class='ocrx_word' id='word_1_245' title='bbox 1383 4061 1496 4144; x_wconf 85' lang='lat' dir='ltr'><strong>Ducis,</strong></span> 
     </span>
     <span class='ocr_line' id='line_1_31' title="bbox 318 4185 1018 4260; baseline -0.003 0"><span class='ocrx_word' id='word_1_246' title='bbox 318 4189 359 4260; x_wconf 81' lang='lat' dir='ltr'><strong>ud</strong></span> <span class='ocrx_word' id='word_1_247' title='bbox 378 4187 532 4258; x_wconf 84' lang='lat' dir='ltr'><strong>honorem</strong></span> <span class='ocrx_word' id='word_1_248' title='bbox 552 4185 686 4258; x_wconf 86' lang='lat' dir='ltr'><strong>Venetie</strong></span> <span class='ocrx_word' id='word_1_249' title='bbox 704 4191 739 4256; x_wconf 90' lang='lat' dir='ltr'><strong>et</strong></span> <span class='ocrx_word' id='word_1_250' title='bbox 756 4187 890 4258; x_wconf 83' lang='lat' dir='ltr'><strong>salutern</strong></span> <span class='ocrx_word' id='word_1_251' title='bbox 908 4187 1018 4258; x_wconf 83' lang='lat' dir='ltr'><strong>Judre.</strong></span> 
     </span>
    </p>

    <p class='ocr_par' dir='ltr' id='par_1_8' title="bbox 320 4311 1497 4650">
     <span class='ocr_line' id='line_1_32' title="bbox 408 4311 1497 4406; baseline 0.001 -24"><span class='ocrx_word' id='word_1_252' title='bbox 408 4313 501 4383; x_wconf 83' lang='lat' dir='ltr'><strong>Etsi</strong></span> <span class='ocrx_word' id='word_1_253' title='bbox 524 4313 610 4384; x_wconf 82' lang='lat' dir='ltr'><strong>forte</strong></span> <span class='ocrx_word' id='word_1_254' title='bbox 633 4313 851 4406; x_wconf 84' lang='lat' dir='ltr'><strong>contingerit,</strong></span> <span class='ocrx_word' id='word_1_255' title='bbox 877 4313 1039 4383; x_wconf 90' lang='lat' dir='ltr'><strong>dominum</strong></span> <span class='ocrx_word' id='word_1_256' title='bbox 1057 4311 1180 4383; x_wconf 85' lang='lat' dir='ltr'><strong>Ducem</strong></span> <span class='ocrx_word' id='word_1_257' title='bbox 1205 4311 1259 4382; x_wconf 86' lang='lat' dir='ltr'><strong>ucl</strong></span> <span class='ocrx_word' id='word_1_258' title='bbox 1282 4335 1497 4384; x_wconf 85' lang='lat' dir='ltr'><strong>successores</strong></span> 
     </span>
     <span class='ocr_line' id='line_1_33' title="bbox 320 4439 1496 4534; baseline 0.003 -25"><span class='ocrx_word' id='word_1_259' title='bbox 320 4461 398 4516; x_wconf 89' lang='lat' dir='ltr'><strong>suos</strong></span> <span class='ocrx_word' id='word_1_260' title='bbox 410 4439 509 4510; x_wconf 71' lang='lat' dir='ltr'><strong>lutire</strong></span> <span class='ocrx_word' id='word_1_261' title='bbox 525 4439 677 4534; x_wconf 83' lang='lat' dir='ltr'><strong>upliccre,</strong></span> <span class='ocrx_word' id='word_1_262' title='bbox 697 4441 853 4534; x_wconf 88' lang='lat' dir='ltr'><strong>recipient</strong></span> <span class='ocrx_word' id='word_1_263' title='bbox 868 4463 941 4510; x_wconf 91' lang='lat' dir='ltr'><strong>eum</strong></span> <span class='ocrx_word' id='word_1_264' title='bbox 954 4440 1111 4511; x_wconf 80' lang='lat' dir='ltr'><strong>ladrstiui</strong></span> <span class='ocrx_word' id='word_1_265' title='bbox 1132 4439 1311 4511; x_wconf 87' lang='lat' dir='ltr'><strong>honorilice</strong></span> <span class='ocrx_word' id='word_1_266' title='bbox 1325 4446 1360 4510; x_wconf 87' lang='lat' dir='ltr'><strong>et</strong></span> <span class='ocrx_word' id='word_1_267' title='bbox 1372 4445 1496 4512; x_wconf 73' lang='lat' dir='ltr'><strong>traete·</strong></span> 
     </span>
     <span class='ocr_line' id='line_1_34' title="bbox 320 4565 1497 4650; baseline 0.002 -12"><span class='ocrx_word' id='word_1_268' title='bbox 320 4567 418 4650; x_wconf 90' lang='lat' dir='ltr'><strong>hunt,</strong></span> <span class='ocrx_word' id='word_1_269' title='bbox 447 4573 481 4637; x_wconf 91' lang='lat' dir='ltr'><strong>et</strong></span> <span class='ocrx_word' id='word_1_270' title='bbox 506 4567 637 4638; x_wconf 90' lang='lat' dir='ltr'><strong>nuntios</strong></span> <span class='ocrx_word' id='word_1_271' title='bbox 662 4590 741 4638; x_wconf 87' lang='lat' dir='ltr'><strong>suos</strong></span> <span class='ocrx_word' id='word_1_272' title='bbox 769 4565 925 4638; x_wconf 88' lang='lat' dir='ltr'><strong>similiter.</strong></span> <span class='ocrx_word' id='word_1_273' title='bbox 961 4567 1004 4640; x_wconf 81' lang='lat' dir='ltr'><strong>m</strong></span> <span class='ocrx_word' id='word_1_274' title='bbox 1031 4568 1057 4638; x_wconf 86' lang='lat' dir='ltr'><strong>si</strong></span> <span class='ocrx_word' id='word_1_275' title='bbox 1087 4566 1232 4638; x_wconf 87' lang='lat' dir='ltr'><strong>dominus</strong></span> <span class='ocrx_word' id='word_1_276' title='bbox 1258 4565 1330 4638; x_wconf 84' lang='lat' dir='ltr'><strong>Dux</strong></span> <span class='ocrx_word' id='word_1_277' title='bbox 1359 4565 1497 4640; x_wconf 90' lang='lat' dir='ltr'><strong>uoluerit</strong></span> 
     </span>
    </p>
   </div>
   <div class='ocr_carea' id='block_1_3' title="bbox 0 0 1578 5080">
    <p class='ocr_par' dir='ltr' id='par_1_9' title="bbox 0 0 1578 5080">
     <span class='ocr_line' id='line_1_35' title="bbox 0 0 1578 5080; baseline 0 0"><span class='ocrx_word' id='word_1_278' title='bbox 0 0 1578 5080; x_wconf 95' lang='lat' dir='ltr'><strong> </strong></span> 
     </span>
    </p>
   </div>
  </div>
 </body>
</html>
