3130 5078
295 331 371 402 554
668 347 762 400 innoc.
777 347 808 400 lll
824 365 913 400 eruam
928 365 964 400 so
979 347 1038 399 lue.
1051 345 1099 400 Cr.

290 513 472 606 probatica,
487 525 671 600 uariaretur,
687 525 778 586 extra
793 519 893 610 ipsam
908 517 1129 612 languentium
1146 517 1346 588 multitudine
1361 540 1464 588 rema-

292 647 399 711 nente.
428 638 470 711 In
488 645 635 713 circuitu
654 647 776 714 etenim
794 648 893 740 impii
909 645 1096 725 ambulant,
1123 653 1156 713 et
1180 649 1217 714 in
1242 667 1316 714 com
1339 647 1465 715 innare

290 779 467 862 nequeunt,
487 778 526 840 ot
542 779 715 852 sonentur,
735 794 811 840 earn
825 795 918 841 mens
933 770 1045 841 divisa
1056 774 1239 865 impetrare
1256 795 1323 842 non
1342 771 1465 856 rarrleot,⁸

291 902 325 964 et
346 917 409 964 cue
432 893 640 989 ingredienti
662 905 788 966 terram
810 897 941 967 dnobus
959 901 1036 969 viis.
1066 895 1109 967 Ut
1127 919 1209 990 ergo
1230 897 1330 991 ipsius
1349 897 1464 969 illibata

289 1020 409 1090 veritas
442 1021 640 1105 servaretur,
673 1046 771 1093 uuum
808 1023 910 1093 eidem
944 1023 1117 1100 Dominus,
1154 1023 1304 1094 videlicet
1339 1025 1464 1094 beatum

289 1146 438 1231 Petrum,
464 1154 562 1240 caput
587 1150 757 1219 coustituit
776 1156 809 1220 et
833 1149 1041 1242 magistrum,
1067 1151 1211 1244 utquasi
1231 1149 1462 1232 Nesciebas,

288 1277 377 1343 extra
397 1295 491 1366 quam
510 1273 681 1345 animantia
702 1275 857 1346 derelicta
877 1275 908 1346 in
928 1275 1046 1346 diluuio
1065 1276 1332 1370 submerguntur,
1351 1278 1383 1348 in
1403 1299 1464 1347 uno

288 1399 400 1469 cubito
420 1407 674 1481 consummaret,
694 1424 755 1494 pro
774 1401 868 1494 cujus
887 1403 962 1487 tide,
982 1425 1023 1472 ne
1043 1404 1075 1472 in
1094 1423 1152 1472 sua
1171 1403 1324 1495 passione
1345 1401 1464 1473 detioe-

288 1531 358 1608 ret,
387 1526 762 1624 specialitertexoravit
792 1527 896 1597 eidem
926 1529 1149 1622 praecipiens,
1177 1533 1214 1598 ut
1241 1529 1362 1598 batres
1390 1552 1465 1600 suos

291 1673 469 1722 couversos
488 1649 670 1747 aliquandiu
690 1655 908 1724 confirmaret.

378 1777 605 1850 Verumtamen
621 1782 823 1851 Graecorum
841 1780 992 1852 Ecclesia
1012 1803 1115 1873 usqne
1134 1781 1173 1850 ad
1193 1781 1258 1850 hoc
1277 1788 1408 1873 tempus
1427 1782 1466 1850 ab

287 1906 409 1976 unitate
424 1905 600 1987 declinans,
617 1913 691 2000 post
700 1929 824 2000 greges
834 1907 991 1977 sodalium
1003 1905 1184 2000 evagando,
1199 1907 1467 2000 ipsiusmagistro

289 2055 324 2102 se
343 2030 517 2115 subtraxit,
537 2039 571 2101 et
590 2039 626 2102 ut
642 2030 797 2125 Ephraim
817 2034 918 2116 lacta,
944 2033 1034 2126 quasi
1055 2031 1202 2103 columba
1220 2033 1357 2103 seducta
1376 2032 1468 2104 inro-

288 2159 372 2230 cavit
391 2159 592 2253 Aegyptum,
619 2159 711 2230 etad
733 2160 884 2251 Assyrios
911 2159 1118 2252 properarit,
1145 2167 1180 2230 et
1204 2183 1288 2252 quae
1307 2159 1469 2230 debuerat

287 2292 424 2380 propter
436 2293 564 2380 tempus
579 2311 652 2357 esse
669 2289 834 2381 magistra,
849 2311 963 2357 rursus
977 2287 1127 2379 indigere
1142 2287 1280 2368 videtur,
1295 2293 1332 2356 ut
1345 2286 1469 2359 docea-

287 2421 352 2495 tur,
380 2437 462 2506 quae
487 2413 552 2484 sint
571 2415 730 2485 clementa
751 2413 875 2483 exordii
894 2435 1078 2484 sermonum
1097 2413 1175 2494 Dei,
1205 2435 1246 2501 eo
1273 2412 1360 2506 quod
1385 2437 1468 2506 pec-

288 2539 372 2610 cavit
397 2539 427 2610 in
456 2539 560 2623 illum,
587 2541 640 2635 qui
667 2563 794 2612 omnem
821 2540 941 2610 edocet
959 2540 1149 2621 veritatem3
1178 2547 1301 2609 etcum
1321 2539 1409 2610 idem
1428 2540 1471 2610 sit

287 2665 470 2757 benignitas
485 2665 591 2736 Patris
606 2675 639 2736 et
657 2668 737 2751 Eilii,
757 2672 926 2760 peceatum
947 2667 1153 2737 commissum
1173 2668 1204 2736 in
1224 2687 1295 2736 eum
1315 2689 1354 2736 ex
1374 2665 1469 2736 mali-

286 2791 410 2884 gnitate
438 2793 655 2884 praesumitur
680 2793 902 2886 processisse,
938 2791 989 2863 cui
1017 2793 1112 2862 deest
1140 2792 1303 2886 quaelibet
1331 2794 1469 2863 materia

286 2919 471 2988 excusandi.
501 2919 708 2991 Fermentum
728 2942 859 3015 quoque
878 2942 944 2990 non
964 2917 1062 3010 ejecit
1079 2940 1098 2988 a
1117 2917 1228 3000 domo,
1256 2926 1293 2989 ut
1309 2929 1470 3012 peccaret

285 3045 317 3113 iu
332 3068 417 3129 eum,
437 3068 533 3138 aquo
545 3045 700 3138 Spiritum
720 3053 874 3130 sanctum
888 3045 1070 3139 procedere
1088 3045 1198 3115 renuit
1214 3044 1380 3127 confiteri,
1399 3067 1468 3116 non

286 3171 471 3255 attendens,
496 3177 533 3241 ut
551 3172 677 3256 debuit,
698 3173 802 3266 quod,
824 3175 876 3268 qui
897 3172 1008 3243 Filium
1028 3172 1220 3252 inhonorat,
1239 3170 1415 3262 injuriatur
1433 3181 1469 3244 et

287 3298 390 3379 Patri,
419 3300 472 3392 qui
502 3305 554 3368 est
582 3323 679 3369 uurrm
708 3323 781 3371 cum
810 3299 892 3392 ipso.
932 3298 980 3369 Ad
1012 3298 1206 3369 iracundiam
1237 3319 1338 3390 ergo,
1373 3299 1466 3392 quasi

284 3423 460 3516 Ephraim,
480 3425 512 3494 in
532 3423 796 3495 amaritudinibus
816 3425 882 3496 suis
902 3425 1071 3496 Dominum
1092 3423 1299 3518 provocavit,
1320 3423 1361 3494 ab
1382 3423 1469 3495 illius

285 3551 473 3644 magisterio
492 3549 703 3635 discedendo,
724 3551 777 3645 qui
796 3549 937 3644 cephas,
956 3551 988 3620 id
1008 3559 1194 3646 estrepini,
1214 3548 1331 3620 meruit
1349 3551 1468 3644 appel·

284 3677 360 3758 lari;
388 3677 547 3748 recedens
567 3701 584 3747 a
604 3677 704 3760 luda,
724 3700 783 3748 suo
803 3673 835 3746 in
854 3677 996 3748 Samaria
1016 3677 1099 3748 solio
1119 3677 1301 3760 collocato,
1327 3685 1470 3771 propter

284 3803 371 3897 quod
400 3827 598 3896 supeream
627 3805 714 3875 venit
741 3805 874 3898 sanguis
910 3805 1028 3897 ipsius,
1061 3805 1230 3898 iniquitate
1260 3827 1339 3885 sua,
1374 3804 1469 3898 quasi

285 3929 477 4000 Amorrhaei
504 3930 627 4024 populi,
659 3939 891 4002 consummata.
925 3931 1061 4001 Vocavit
1088 3931 1171 4001 enim
1199 3931 1358 4001 Dominus
1386 3953 1469 4002 suos

283 4057 504 4128 sanctificatos
523 4065 557 4126 et
575 4057 697 4141 iortes;
727 4066 760 4129 et
786 4059 926 4152 ingressi
953 4065 1029 4129 sunt
1054 4065 1167 4151 portas
1187 4057 1276 4149 ejus,
1303 4081 1364 4151 per
1383 4081 1470 4152 quos

286 4183 366 4253 male
391 4184 525 4276 perditis
550 4183 658 4266 malis,
684 4185 808 4256 vineam
833 4210 922 4256 suam
945 4185 1015 4255 aliis
1041 4185 1214 4278 agricolis,
1239 4185 1292 4278 qui
1314 4184 1378 4284 sibi
1398 4183 1470 4255 suis

286 4311 487 4404 temporibus
506 4311 646 4381 reddent
670 4311 830 4392 fructum,
856 4311 988 4382 tradidit
1008 4311 1235 4393 excolendam,
1261 4309 1470 4382 Graecorum

283 4437 422 4530 lmperio
438 4437 478 4507 ab
493 4436 753 4508 inobedientibus
768 4445 802 4509 et
816 4431 1051 4531 superstitiosis
1066 4437 1224 4508 translato
1244 4437 1286 4530 ad
1305 4437 1472 4510 obedien·

282 4563 349 4633 tiae
368 4561 450 4632 lilios
469 4568 502 4634 et
521 4563 676 4648 devotos,
704 4565 757 4658 qui
777 4587 876 4658 super
894 4563 985 4635 altari
1006 4563 1308 4658 placabilibomino
1329 4589 1469 4637 suorum
