3110 5076
273 271 346 343 184
427 253 428 256 ¹
667 282 855 336 Psrvrscnruu
870 281 1050 334 lassentur.

267 464 381 528 saneto
402 455 559 540 Quintius
568 447 597 544 ¹)
620 455 825 548 pistrinum,
850 451 942 547 quod
958 457 994 524 in
1013 452 1118 523 latere
1138 454 1288 548 ejusdem
1314 456 1459 526 ecclesie

269 592 335 662 est,
363 591 396 652 et
422 580 538 652 domui
564 582 681 651 attinet
706 577 815 650 Penii
840 587 874 650 et
898 581 1098 674 pensionem
1125 579 1225 652 bobet
1251 585 1459 652 numismata

270 712 402 804 cipinti.
433 706 514 778 Item
538 707 685 800 larpitur
703 709 754 778 eis
773 717 807 778 et
823 705 1001 778 ecclesiam
1019 711 1131 778 sancti
1148 707 1298 790 Andros,
1323 732 1389 804 pue
1408 717 1461 780 est
1550 729 1551 732 ’

272 835 451 915 Daraebii,
471 859 546 906 cum
560 833 685 904 ibidem
699 833 921 904 existentibus
939 831 1173 928 bnpen'alibus
1184 835 1461 928 pensionalibus,

269 969 345 1038 sine
363 972 473 1038 tamen
490 969 665 1058 apparatu,
684 963 799 1055 quiin
817 963 868 1032 eis
886 964 1053 1056 repositus
1071 971 1131 1043 est,
1150 965 1249 1057 quasi
1266 962 1394 1034 debens
1414 961 1462 1034 asi
1550 1005 1551 1012 κ

272 1090 452 1164 abelamlia
475 1088 564 1160 clusi.
595 1087 769 1160 Concessit
794 1097 907 1158 autern
931 1087 1095 1159 celsitudo
1118 1098 1235 1162 nostra
1254 1099 1287 1162 et
1304 1115 1363 1162 eos
1380 1094 1461 1163 uni·
1550 1131 1551 1134 =

273 1244 390 1294 versas
404 1221 554 1290 murari
569 1219 698 1310 species
716 1219 754 1287 in
773 1215 926 1287 omnibus
939 1215 1102 1288 Romanis
1114 1219 1282 1312 *partibus
1302 1219 1465 1291 videtum
1550 1249 1551 1254 ¹

274 1347 365 1444 apud
386 1369 539 1439 mapuam
559 1343 773 1426 Laodiciam,
799 1342 1028 1424 Antiochiam,
1055 1345 1265 1427 Mamistam,
1295 1345 1462 1428 Adonem,

278 1474 440 1555 Tarsum,
468 1471 632 1552 Ataliam,
660 1468 865 1552 Strouilum,
895 1469 1033 1552 Cbium,
1066 1469 1283 1566 Tbeolopum,
1310 1473 1463 1556 Faciam,

275 1601 499 1706 Duracbium,
515 1600 694 1683 Aulonum,
709 1597 895 1694 Korplsum,
907 1598 1115 1682 Bnnrlitiam,
1135 1601 1340 1683 Mctbonum,
1358 1603 1462 1675 Coro·
1529 1675 1551 1706 Ι,

276 1737 387 1812 nium,
421 1727 622 1824 Nauplium,
657 1725 870 1808 Corintbnm,
906 1724 1054 1810 Tbebas,
1089 1727 1251 1810 Albense,
1280 1729 1464 1826 Rumpunt,

275 1856 527 1938 Dimitsiodam,
546 1853 811 1935 Tbesalanioam‚
834 1851 1078 1950 Chrysopolim,
1098 1855 1357 1940 Peritbeorim
1378 1857 1464 1930 Aui-

276 1988 368 2071 dum,
381 1985 573 2066 Redestum,
583 1981 848 2078 Adrianopolim
865 1983 1004 2080 Aprum,
1014 1981 1182 2066 lracliam,
1196 1981 1465 2078 sunnonem),

277 2125 310 2188 et
326 2112 418 2210 apud
434 2116 542 2209 ipsam
560 2134 715 2204 mapnam
736 2109 864 2194 urbem,
883 2119 917 2182 et
933 2110 1133 2205 simpliciter
1150 2115 1188 2182 in
1207 2113 1364 2185 omnibus
1376 2137 1466 2209 posu

278 2243 367 2316 tibus
384 2240 445 2312 sub
464 2246 630 2334 potestate
647 2246 763 2308 nostre
781 2239 843 2332 pie
863 2237 1119 2332 tranquillitatis
1137 2241 1374 2326 existentibus,
1393 2265 1464 2312 nan
1550 2273 1551 2276 ¹

275 2371 452 2469 prebentes
466 2391 530 2462 qno
545 2365 643 2436 molo
654 2389 718 2460 pro
730 2364 877 2460 qnalibet
887 2369 1037 2460 propria
1055 2389 1167 2437 merce
1180 2372 1360 2464 quicquam
1374 2393 1465 2440 com-

278 2496 423 2570 mercbii
431 2497 546 2590 pratia
565 2493 621 2564 nel
636 2493 784 2584 alicujus
803 2492 892 2562 alius
910 2491 1143 2576 condictionis,
1163 2518 1228 2589 pue
1241 2499 1325 2589 pisca
1344 2497 1466 2568 debea-

279 2635 345 2714 tur,
370 2625 468 2719 pacti
493 2620 651 2693 uidelicet
677 2619 883 2701 milecotam,
917 2619 1127 2702 limoniatici,
1152 2626 1341 2716 partiatiai,
1371 2627 1468 2695 oani-

278 2744 416 2843 senil),
453 2737 675 2843 semotam),
710 2738 979 2837 arcbonticum⁵)
1015 2757 1048 2818 el
1079 2748 1225 2820 aliorum
1259 2749 1467 2834 reddituum,

279 2901 422 2976 quorum
434 2899 539 2948 causo
553 2876 728 2967 nepociari
739 2871 868 2943 debent.
890 2871 929 2942 In
943 2875 1097 2946 omnibus
1115 2879 1205 2947 enim
1223 2883 1470 2950 mercationum

279 3009 362 3078 locis
389 3005 467 3075 data
493 3012 543 3074 est
567 3004 619 3072 eis
637 3024 658 3070 a
676 3007 791 3071 nostra
810 2999 1013 3072 sublimitate
1030 3003 1141 3076 libera
1159 3006 1315 3090 licentia,
1345 3006 1470 3078 debens

280 3139 475 3232 superiores
494 3156 550 3203 eos
570 3133 688 3224 facere
707 3137 740 3198 et
762 3132 837 3223 ipso
855 3131 1087 3222 inquisitione.
1118 3133 1287 3206 Excident
1305 3150 1417 3206 autem
1437 3143 1471 3206 et

282 3265 322 3336 ab
351 3267 423 3358 ipso
450 3256 594 3356 eparcbo
619 3248 939 3352 poratbalaeiea⁶),
967 3255 1247 3353 emeoparocno')
1272 3256 1470 3356 pantenu),

282 3385 564 3465 commerlrioriis,
595 3381 807 3465 imminuis,
833 3382 1010 3477 pppolopis
1029 3394 1063 3455 et
1087 3385 1285 3480 hujusmodi
1301 3389 1469 3470 omnibns,

282 3518 374 3588 nullo
406 3538 473 3610 per
504 3513 577 3583 loeo
606 3512 804 3606 principum
834 3510 890 3579 ael
922 3510 1068 3582 aliorum
1104 3519 1247 3586 servibo
1283 3523 1472 3591 communis

284 3645 504 3717 tractanon'um
526 3645 740 3734 presumente
758 3637 890 3731 aliquid
906 3663 1023 3710 eorum
1041 3651 1292 3738 contempnere,
1320 3669 1386 3740 que
1412 3646 1473 3717 bic

285 3773 432 3868 diffinita
458 3776 547 3840 sunt.
590 3764 747 3836 Omnium
778 3767 867 3835 enim
894 3771 1083 3860 specierum
1109 3781 1141 3840 el
1163 3776 1343 3854 mercium,
1370 3796 1474 3868 quarm

312 3963 338 4036 ¹)
358 3964 377 4016 1.
391 3979 415 4015 c.
433 3955 587 4026 Ἀκινδύνῳ.
930 3959 958 4032 ⁵)
978 3963 1191 4017 archontioii
1210 3963 1260 4017 LP.

310 4055 339 4128 ⁸)
359 4055 397 4108 De
423 4051 463 4105 bis
489 4047 644 4104 nominibus,
670 4059 728 4115 quoe
754 4044 852 4098 introis
932 4050 960 4123 θ)
981 4054 1206 4123 parasangis„
1225 4055 1274 4108 ιι),

359 4142 523 4215 reliquimus,
541 4137 592 4192 nt.
607 4153 685 4207 supra
699 4135 730 4190 sd
743 4136 850 4206 privile·
931 4144 959 4216 τ)
979 4145 1085 4215 eleop,
1106 4146 1153 4198 [Ρ.

359 4236 429 4308 giam
444 4229 587 4286 Ernnnuelis
601 4247 627 4299 p.
643 4227 704 4282 118.
720 4227 779 4282 119.
932 4232 960 4306 ⁸)
978 4236 1099 4306 gerico
1119 4237 1168 4290 LP.
1190 4238 1227 4290 De
1246 4238 1286 4292 his
1307 4239 1474 4310 corrigendis

313 4327 341 4400 8)
361 4323 510 4381 mimi
530 4321 578 4374 ΒΡ·
978 4327 1037 4381 vide
1051 4345 1098 4382 nos
1111 4346 1191 4402 supra
1205 4347 1231 4400 p.
1245 4329 1306 4385 its.
1321 4330 1383 4386 120.

313 4419 342 4493 ⁴)
362 4416 528 4472 exaiulum
546 4413 572 4464 in
590 4410 757 4469 correctum
777 4424 853 4462 sxa-

362 4510 438 4565 iolii
457 4510 505 4563 LP.
