3130 5078
415 389 511 442 lurae.
523 388 557 442 III
569 403 659 442 nrrsr.
673 405 709 442 nn
722 389 847 442 Tuom
861 386 945 440 Peru.
959 386 1005 439 Cr.
1213 377 1289 448 569

211 560 241 651 †
260 559 335 653 ligo
353 559 518 632 lohannes
537 559 642 631 hlenm
662 583 769 630 mmss.

212 687 241 778 †
260 687 335 779 ligo
354 684 539 778 Stephanus
555 668 770 780 Suppauicurh
789 709 898 756 mmss.

213 814 242 906 †
261 815 335 907 Ego
353 813 497 885 lacobus
516 813 730 884 hlaurocenus
749 836 856 884 mmss.

283 940 358 1032 ligo
376 938 530 1010 Nicotaus
548 941 660 1022 liuto,
686 940 841 1032 plebanus
867 941 969 1010 sancti
995 939 1118 1011 Nicolai
1144 948 1178 1010 et
1196 946 1292 1011 nota·

123 1067 203 1154 rius,
223 1067 365 1149 interlui,
386 1066 542 1161 complevi
563 1075 596 1137 et
614 1067 778 1138 roboravi.
803 1051 814 1062 ’

282 1194 356 1287 Ego
375 1193 543 1278 vivianus,
569 1195 721 1288 scriptor,
742 1195 887 1264 notarius
906 1198 939 1263 et
953 1193 1071 1285 juder,
1097 1193 1292 1264 autenticum

123 1321 218 1414 hujus
236 1319 298 1391 ridi
318 1327 352 1392 et
369 1320 447 1414 legi,
467 1343 527 1391 nec
547 1321 652 1392 addidi
671 1343 732 1393 nec
751 1321 859 1403 minui,
879 1321 938 1391 nisi
957 1321 1044 1414 quod
1063 1321 1094 1389 in
1115 1342 1155 1390 eo
1174 1321 1291 1404 inveni,

122 1449 260 1541 ideoque
285 1446 423 1520 fideliter
448 1447 634 1542 exemplavi,
654 1453 688 1518 et
705 1449 835 1541 propria
855 1469 949 1520 mauu
968 1469 1038 1517 meu
1056 1447 1177 1518 firmavi
1196 1451 1292 1540 atque

122 1574 312 1666 subscripsi.

642 1697 778 1770 CLVIII.

225 1825 411 1890 Irusceuttrs
426 1825 468 1890 Ill
484 1823 641 1906 (Itone),
662 1823 837 1889 letdarche
853 1822 1186 1907 Ceustutlmpslttm.

123 1951 161 2015 Ut
176 1951 354 2023 Henricum,
371 1951 528 2022 clericusne.
550 1951 584 2016 in
600 1951 781 2016 canoniorum
803 1949 965 2014 Ecclesiae
987 1947 1019 2013 S.
1032 1949 1176 2036 Sophiae
1191 1951 1295 2038 recipi

652 2058 766 2143 sociat.

462 2165 491 2220 Α.
505 2165 530 2219 d.
545 2166 624 2226 1205,
643 2163 670 2219 d.
681 2165 707 2218 I.
726 2181 758 2217 m.
772 2162 946 2236 Septembris.

211 2258 338 2321 Ionoc.
355 2259 392 2322 Ill
408 2259 496 2342 epist.
512 2257 564 2322 llb.
583 2257 660 2334 VIII,
687 2278 735 2342 ep.
754 2257 892 2320 CXXXVI
908 2257 954 2320 ed.
972 2257 1188 2342 brequigny
1203 2257 1240 2320 Τ.
1256 2257 1291 2328 ll,

144 2386 158 2428 a
183 2414 190 2428 .
209 2366 283 2430 771.

122 2387 141 2450 p
161 2387 182 2450 g
227 2481 305 2552 Cum
326 2481 366 2552 ad
384 2477 467 2550 illam
486 2479 683 2566 Ecclesiam,
710 2481 813 2552 divina
830 2481 970 2551 faciente
990 2479 1113 2573 gratia,
1143 2481 1188 2549 sis
1206 2501 1288 2572 pro-

120 2613 238 2691 motus,
259 2630 341 2702 quae
359 2609 551 2702 praesertim
569 2608 770 2702 temporibus
789 2608 858 2679 istis
877 2606 1013 2677 literatis
1027 2605 1154 2677 clericis
1169 2606 1291 2698 indiget

120 2741 154 2805 et
172 2735 330 2815 honestis,
348 2735 582 2805 fraternitatem
599 2741 685 2807 tuam
706 2759 873 2806 monemus
888 2735 1041 2805 attentius
1060 2739 1094 2804 et
1111 2733 1292 2818 hortamur,

118 2867 277 2956 quatenus
296 2861 449 2932 dilectum
467 2861 583 2946 tilium,
611 2863 798 2957 magistrum
823 2861 1014 2944 Henricum,
1039 2860 1176 2931 latorem
1193 2883 1292 2954 prae-

120 2988 275 3070 sentium,
301 2989 354 3082 qui
381 2989 525 3059 moribus
544 2997 577 3062 et
595 2991 730 3062 scientia
749 2989 1004 3069 commendatur,
1030 3010 1091 3081 pro
1109 2987 1292 3057 reverentia

120 3113 207 3184 beati
230 3114 317 3185 Petri
336 3120 370 3185 et
389 3121 499 3186 nostra
519 3116 653 3210 ejusque
673 3117 843 3209 probitatis
868 3117 981 3188 intuitu
1000 3116 1031 3185 in
1050 3114 1239 3184 canonicum
1259 3121 1292 3184 et

118 3241 252 3311 fratrem
271 3239 440 3312 Ecclesiae
464 3248 595 3312 sanctae
614 3242 755 3337 Sophiae
779 3245 937 3338 recipias,
963 3247 996 3312 et
1021 3241 1169 3334 assignes
1197 3243 1228 3311 in
1253 3265 1292 3312 ea

120 3366 164 3436 illi
182 3368 371 3438 beneficium
390 3368 618 3461 praebendale.

204 3493 320 3565 Datum
340 3493 394 3567 Vll
413 3495 489 3566 Idus
507 3495 719 3590 Septembris.

653 3657 759 3731 CLIX.

119 3779 267 3844 {chletle
289 3781 417 3845 cirsion
439 3781 540 3845 ludat
566 3779 603 3866 (i.
621 3800 648 3844 e.
667 3783 763 3854 Ceno,
788 3781 958 3846 Potestctis
975 3779 1059 3868 Cp),
1081 3783 1162 3846 lecte
1178 3785 1291 3847 eenrul
1427 3795 1436 3810 ·

251 3887 374 3953 Veueete
390 3890 425 3954 de
441 3888 572 3972 Cherphr
588 3896 620 3956 et
634 3892 778 3956 ltureehle
794 3897 826 3956 et
841 3893 911 3974 allis
929 3891 1003 3955 lecto
1020 3891 1151 3974 Inperti.

587 3996 617 4051 Α.
630 3997 655 4051 d.
668 3998 748 4052 leot.
768 3999 827 4054 Oct.

209 4083 544 4152 misiliminum.
567 4088 659 4154 biber
674 4089 830 4156 Paetorum
852 4091 875 4164 l,
900 4091 972 4156 lto.
997 4090 1102 4156 Paucis
1122 4089 1181 4155 hoc
1197 4091 1291 4156 docu-

120 4198 249 4258 mentum
265 4194 364 4278 attigit
378 4195 497 4260 llario
513 4197 549 4260 T.
566 4196 614 4271 IV,
632 4218 661 4282 p.
678 4197 730 4262 86.

209 4306 243 4378 In
271 4308 398 4378 nomine
424 4309 543 4381 domini
567 4309 627 4381 Ilei
658 4317 692 4382 et
721 4313 893 4385 saluatoris
922 4313 1026 4384 nostri
1052 4313 1153 4386 Jhesu
1183 4313 1290 4385 Cristi.

120 4431 215 4504 Anno
239 4433 359 4506 domini
385 4435 552 4508 millesimo
579 4435 800 4511 ducentesimo
826 4440 954 4532 quinto,
987 4464 1097 4512 mense
1126 4441 1291 4525 Octobris,

120 4560 294 4632 indictione
312 4583 409 4632 nonu.
439 4561 693 4636 Corsrmrmorom.
