3110 5076
272 337 344 408 190
539 347 726 402 vamnowu
741 363 982 402 conrunmomoms
996 349 1103 404 [onnon
1117 349 1176 402 luo.

265 519 372 589 zelam
390 519 516 613 reliqui
531 523 721 600 imitentur,
747 529 781 591 et
796 544 849 602 ne,
876 520 1072 592 louiucmcdi
1087 523 1215 591 uirtute
1228 523 1266 590 in
1284 519 1412 590 nonore
1419 509 1450 608 ¹)

257 647 461 740 percmtentc
488 655 521 716 cl
545 649 715 717 contrario
741 651 776 718 ei
802 650 885 718 nitio
916 647 1211 742 repreloonoionem
1247 635 1449 736 aerium),

264 775 393 845 raritas
418 772 519 843 ualde
552 777 823 845 ncceooariarum
852 779 1153 868 preropatinorum
1182 799 1205 846 a
1231 773 1294 844 deo
1320 773 1453 844 calamo

265 897 492 970 Romanorum
510 903 681 971 exercitui
692 904 775 994 fiat:
793 925 1014 998 nequaqum,
1033 901 1124 996 qaod
1140 927 1163 971 a
1179 900 1242 972 deo
1261 910 1324 983 eet,
1343 897 1451 994 Impe-

263 1029 353 1098 rium
372 1037 524 1098 nostrum
537 1031 704 1122 inpennoo
716 1039 838 1100 nautea
851 1039 885 1100 el
897 1029 1095 1122 fidelnimoe
1109 1027 1323 1100 celsitudinis
1337 1035 1454 1098 mooe

270 1151 450 1238 Vcncn'coo,
470 1157 507 1225 in
526 1153 613 1226 lanc
632 1153 885 1250 inperatoriam
904 1157 1021 1226 urbem
1040 1161 1227 1239 uenienteo,
1246 1153 1341 1226 decet
1351 1177 1452 1249 pror·

264 1303 325 1351 oue
351 1304 512 1376 oper-nere
539 1306 560 1351 a
585 1283 757 1376 peticione
783 1275 1025 1373 decidentco³)‚
1062 1306 1162 1377 qnam
1189 1305 1281 1352 nunc
1306 1280 1454 1377 Imperio

264 1419 379 1479 noctro
403 1418 643 1503 prmaeium,
671 1433 774 1503 quom
801 1419 834 1480 et
857 1413 927 1504 opii
949 1420 1128 1482 concoctae
1147 1409 1361 1503 penitcribuo
1378 1410 1454 1478 auio

260 1533 362 1627 fidem
388 1544 421 1604 et
444 1533 653 1606 deuotionem
678 1559 762 1630 erpa
779 1536 980 1608 Rommoiom
997 1545 1031 1606 et
1047 1535 1281 1606 celsitudinem
1300 1543 1454 1604 noctram

265 1685 403 1732 carmem
423 1662 655 1743 ostenderant,
682 1673 716 1733 et
731 1664 772 1733 ab
791 1662 937 1759 imperio
960 1673 1077 1734 metro
1095 1665 1209 1734 nocnti
1231 1667 1268 1734 in
1293 1685 1453 1756 conpren-

262 1813 338 1860 oum
356 1801 584 1870 contractem,
610 1795 672 1886 qui
690 1799 885 1886 potentatem
904 1791 1004 1861 labet
1021 1788 1153 1874 Sicilie,
1173 1799 1208 1860 et
1224 1787 1453 1860 omnimodam

259 1939 411 2012 pupnom
429 1927 546 1988 contro
564 1941 640 1987 enm
660 1927 693 1987 et
710 1918 842 1988 otollum
866 1921 963 1998 eiua,
992 1942 1054 1988 nec
1081 1942 1150 1987 non
1168 1927 1202 1988 et
1219 1927 1346 2004 terram
1364 1919 1454 1996 eine,

262 2045 378 2136 parati
389 2051 422 2112 et
432 2047 583 2137 prompti
594 2053 833 2138 apparuerunt.
859 2043 901 2113 Ut
913 2046 1003 2114 enim
1017 2042 1193 2138 predictae
1206 2039 1327 2113 Sicilie
1345 2041 1453 2112 domi·

265 2192 331 2240 nuo
349 2167 516 2263 Raperino
534 2169 671 2250 didicit,
700 2169 922 2241 incoctoditac
942 2173 1023 2264 sore
1034 2178 1155 2264 partae
1173 2167 1315 2264 Irroperij
1329 2171 1453 2250 noceri,

265 2319 330 2390 qne
354 2296 470 2367 circloa
498 2295 653 2367 Greciam
678 2307 712 2367 cl
734 2296 967 2392 Peloponioum
993 2307 1090 2380 cunt,
1116 2307 1149 2368 et
1165 2297 1315 2377 incolae,
1340 2303 1455 2366 terrac

267 2420 476 2514 (terrasque)
495 2420 635 2518 Imperij
651 2428 770 2504 nootri,
788 2447 854 2518 pne
866 2427 960 2494 circa
978 2423 1112 2495 eaedem
1131 2435 1242 2494 terrae
1259 2431 1352 2504 cant,
1371 2420 1454 2491 dum

265 2547 456 2620 molimine
481 2559 596 2621 nootro
615 2561 754 2622 uacaret
778 2555 987 2646 susceptioni
1004 2561 1037 2620 ot
1063 2550 1205 2621 ducatui
1226 2573 1362 2628 earum,
1390 2573 1458 2644 que

261 2673 365 2768 paulo
390 2685 466 2746 onte
483 2702 550 2771 per
569 2688 695 2748 terram
713 2675 854 2772 lmpornj
870 2681 982 2747 nootri
998 2681 1228 2758 transierant,
1255 2680 1455 2748 innumera·

266 2799 384 2872 lolium
402 2803 672 2896 expeditionum,
698 2804 958 2874 Alamannorum
977 2803 1136 2875 uidelicet
1153 2813 1185 2874 et
1203 2801 1455 2883 Franciorum,

267 2937 300 2998 et
309 2921 506 3022 paratum)
525 2954 601 3000 oum
615 2933 700 3024 cpoio
714 2939 803 3000 cocat
815 2941 933 3000 contra
951 2909 1073 3026 mopioo
1093 2931 1269 3026 Aparcnoc
1287 2930 1335 3001 ad
1351 2953 1455 3024 eape-

263 3053 424 3124 ditionem
438 3056 634 3149 faciendum
652 3080 718 3150 per
736 3058 831 3150 otolij
854 3059 1068 3138 minionem,
1095 3057 1264 3129 ciacmodi
1281 3061 1456 3152 ropionern

264 3179 479 3252 oeconomiam
497 3191 620 3263 nostre,
639 3181 825 3254 occandum
843 3183 934 3280 quod
948 3188 984 3254 ei
995 3185 1160 3280 poooibile
1173 3189 1257 3280 snit,
1276 3183 1457 3280 depopula-

256 3315 320 3378 ‘tuo
334 3317 405 3390 eot,·
423 3332 575 3404 comque,
589 3309 679 3404 qood
692 3315 896 3405 factumest,
915 3309 963 3381 ad
973 3309 1205 3406 predictorum
1223 3307 1460 3382 Veneticoram

266 3460 367 3506 aureo
379 3440 605 3532 peruenisset,
631 3437 686 3532 lcij
702 3439 764 3508 lonc
783 3448 939 3532 tanquam
952 3443 1134 3534 proprium
1153 3438 1335 3536 dampnum
1353 3463 1456 3536 repu-

265 3572 437 3645 tanemmt,
461 3574 493 3635 et
515 3569 691 3659 conscotim
716 3565 763 3634 ad
785 3575 963 3660 operatum
981 3565 1204 3662 cooperandi,
1230 3577 1268 3638 nt
1285 3567 1339 3648 id,
1365 3565 1462 3662 quod

261 3695 391 3785 factum
409 3701 469 3770 ert,
496 3691 683 3761 omnimode
701 3691 905 3772 uindicetnr,
931 3707 1225 3766 corrono-recerunt
1233 3688 1277 3784 ⁵),
1305 3705 1339 3766 ct
1355 3718 1459 3766 cuum

265 3819 444 3886 seruitium
466 3826 617 3912 prompte
640 3817 838 3888 celsitudini
861 3830 975 3890 noetre
1000 3820 1260 3916 opoponderunt.
1292 3820 1402 3892 Porro
1426 3831 1461 3892 et

265 3947 301 4014 in
322 3945 471 4039 reliquae
495 3948 652 4038 ropionee
670 3944 812 4040 Imperii
832 3951 942 4018 nootri
970 3953 1248 4030 tranomicernnt,
1275 3958 1458 4044 quotenne,

263 4061 363 4165 qni⁶)
415 4073 655 4142 inuenircntur
701 4077 919 4168 compatriote
929 4068 961 4162 ⁷)
1021 4097 1158 4159 eoram,
1215 4078 1379 4146 uenirent
1426 4086 1461 4146 ct

290 4258 317 4330 ¹)
337 4261 501 4316 inhonoro
520 4261 569 4316 Lo.
909 4259 939 4334 ⁴)
959 4265 998 4317 An
1016 4267 1215 4334 parandum?

291 4348 319 4422 ²)
338 4351 831 4420 hog-invenienteincitante.
910 4352 938 4424 ⁵)
958 4356 1210 4410 coniunxerunt
1229 4357 1260 4408 Μ.

290 4439 318 4514 ⁸)
338 4441 540 4496 decedentis
571 4443 603 4496 n.
647 4443 710 4512 ch.
736 4441 832 4497 doco—
909 4441 937 4514 ⁸)
957 4445 1042 4512 quod
1064 4446 1112 4510 Μ.;
1133 4447 1230 4516 quasi
1250 4447 1299 4499 ΒΡ,

339 4533 468 4586 donico.
911 4531 939 4600 ἵ)
959 4537 1202 4606 compatriotae
1222 4538 1254 4590 Μ.
1270 4537 1319 4590 LP.
