3110 5076
287 335 363 408 256
523 343 713 398 Purvrnnorurr
728 344 829 398 Ansxu
843 342 876 398 lll
891 342 949 398 lue.
962 345 1035 397 Vsu.
1053 357 1228 398 concessum.

288 517 434 599 Venetis,
453 516 584 587 Henrici
599 514 749 599 banduli,
764 515 805 586 ad
819 514 991 609 Imperium
1006 537 1111 584 meum
1126 519 1160 584 et
1172 512 1361 582 Romaniam
1376 511 1467 606 pepi·

288 651 409 740 gerunt
427 649 460 714 et
477 645 680 727 iurauerunt,
700 649 734 714 et
747 644 779 714 in
794 644 919 736 scripto
935 641 975 713 ab
990 643 1037 712 eis
1052 641 1236 734 subscripto
1252 639 1469 733 comprehen-

290 774 402 845 dentes
411 773 626 866 lmperiomco
636 769 984 854 tradiderunt,iurandi
993 767 1286 859 (irtrmdoUetab
1297 769 1371 862 ipso
1380 768 1469 839 Duce

288 924 402 973 eorum
421 908 454 972 et
471 907 542 972 totu
560 899 694 970 Venetia
718 900 790 970 hec.
822 899 992 993 Imperium
1016 905 1122 969 autern
1150 919 1256 968 meum
1282 896 1344 966 bec
1365 897 1468 966 susci·

288 1029 392 1124 piens,
412 1051 547 1124 presens
562 1027 791 1122 chrysobolum
809 1026 943 1098 uerbum
963 1049 1055 1097 suurn
1069 1025 1246 1097 transmisit
1260 1023 1468 1095 nobillissimo

290 1163 324 1228 et
342 1155 538 1228 lidellissimo
558 1155 695 1248 lmperio
714 1177 787 1226 meo
807 1159 1038 1248 protoseuasto
1054 1159 1087 1224 et
1101 1153 1182 1224 Duci
1197 1151 1332 1224 Venetie
1346 1157 1381 1223 et
1397 1151 1471 1220 uni-

289 1307 403 1356 versae
427 1282 562 1354 Venetie
589 1283 779 1376 plenitudini
788 1275 818 1374 ¹)
859 1302 919 1376 per
957 1279 1086 1376 lmperij
1125 1281 1186 1351 mei
1218 1279 1363 1374 legatum
1397 1278 1470 1349 illuc

291 1411 461 1494 directum,
475 1435 536 1506 per
548 1410 873 1482 honorabillissimum
888 1418 922 1481 et
935 1409 1121 1480 familiarem
1142 1409 1277 1502 lmperio
1295 1427 1370 1478 meo
1389 1427 1471 1500 pro-

289 1540 486 1610 tonotarium
494 1532 525 1632 ²)
549 1538 786 1610 uioedominum
806 1536 1015 1608 Theodorum
1035 1527 1319 1627 Aulicnlamnm³),
1345 1526 1470 1628 quod⁴)

155 1707 156 1710 π
290 1667 520 1760 chrysobolum
543 1665 677 1736 uerbum
701 1665 827 1736 scilicet
845 1663 915 1756 (et)
934 1665 1094 1758 promittit
1114 1664 1173 1744 eis,
1193 1663 1344 1757 quoniam
1364 1660 1470 1732 nohil-

289 1793 410 1865 lissimo
430 1793 521 1864 Duce
548 1815 661 1864 eorum
687 1797 916 1885 protoseunsto
943 1797 978 1861 et
1003 1813 1122 1885 magno
1148 1796 1181 1860 et
1203 1811 1307 1882 paruo
1327 1787 1470 1858 consilio

289 1920 437 2004 Venetia,
458 1943 496 1992 ac
516 1920 577 1991 alia
595 1921 664 1991 eius
683 1919 882 2013 plenitudine
901 1917 1162 2011 suscipientibus,
1182 1916 1245 1988 boc
1264 1921 1470 1987 sacramento

291 2071 421 2142 quoque
446 2047 623 2118 secundum
652 2069 742 2117 suam
771 2045 1035 2118 consuetudinem
1062 2043 1343 2126 confirmantibus,
1379 2047 1413 2112 et
1439 2041 1472 2110 in

290 2177 413 2271 scripto
432 2175 628 2270 ponentibus
647 2173 709 2245 hec
729 2174 835 2246 omnia
854 2173 1044 2257 continenti,
1065 2178 1098 2242 et
1117 2171 1321 2265 propriarum
1340 2190 1473 2240 suarum

291 2325 441 2374 manuum
466 2301 760 2395 subsannationibus
778 2301 811 2370 id
830 2299 1146 2382 consummantibus,
1177 2303 1211 2369 et
1229 2321 1301 2368 cum
1321 2297 1473 2390 predicto

291 2430 520 2524 protonotario
549 2429 685 2522 lmperio
713 2451 786 2500 meo
814 2427 847 2497 id
872 2425 1090 2510 mittentibus,
1120 2425 1269 2496 tradetur
1294 2426 1342 2495 eis
1370 2425 1412 2494 ab
1431 2447 1473 2496 eo

292 2579 429 2650 presens
449 2555 676 2649 chrysobolum
696 2555 832 2625 uerbum
851 2555 981 2648 lmperij
1001 2553 1075 2634 mei,
1095 2551 1319 2624 corroborans
1338 2557 1372 2621 et
1392 2575 1476 2622 con-

293 2685 421 2754 firmans
436 2657 640 2754 fidellissimis
656 2683 792 2777 lmperio
808 2707 879 2754 meo
896 2683 1058 2754 Veneticis
1078 2681 1255 2774 antiquitus
1271 2681 1360 2750 facts
1374 2680 1478 2774 chry·

294 2812 407 2883 sobnla
422 2837 439 2883 a
454 2812 648 2906 sempiterne
663 2813 819 2882 memorie
832 2814 1031 2905 Imperatore
1051 2816 1085 2880 et
1103 2831 1227 2903 proauo
1247 2809 1378 2903 lmpem'j
1399 2807 1476 2890 mei,

294 2940 422 3010 domino
454 2939 568 3010 Alexio
602 2939 767 3010 (lomnano
802 2944 836 3010 et
866 2939 931 3010 lilio
973 2938 1044 3008 eius
1075 2937 1301 3031 lmperatoris,
1342 2936 1476 3005 domino

293 3061 485 3161 lohanni⁵),
516 3074 549 3139 et
578 3067 708 3139 dillecto
737 3073 852 3162 patruo
882 3067 1024 3160 lmperij,
1052 3066 1180 3137 domino
1204 3064 1353 3135 Manuale
1374 3064 1477 3134 Gorn-

294 3219 395 3276 nano;
424 3195 557 3289 insuper
577 3201 609 3266 et
633 3195 722 3266 fecta
741 3196 787 3264 eis
807 3194 1002 3287 chrysobula
1022 3186 1100 3285 ab⁸)
1126 3193 1308 3286 lmperante
1328 3190 1477 3262 dilectis-

295 3323 376 3394 simo
395 3323 499 3394 fratre
517 3322 645 3416 lmperij
666 3323 739 3406 mei,
760 3321 889 3393 domino
909 3321 1035 3392 lsaalrio
1051 3320 1179 3414 Angelo
1194 3341 1294 3414 snper
1312 3317 1388 3408 hijs,
1410 3341 1476 3411 qne

294 3451 455 3546 promissa
473 3457 548 3521 sunt
567 3452 614 3521 eis
633 3473 692 3544 per
712 3473 766 3533 ea,
791 3449 991 3542 tam(quam)
1010 3450 1072 3519 iarn
1091 3446 1298 3541 complectis,
1324 3467 1420 3538 quam
1443 3451 1477 3517 et

295 3601 359 3650 non
374 3578 480 3650 adbuc
493 3579 589 3648 linem
604 3575 806 3670 capientibus
826 3583 859 3647 et
878 3577 1060 3660 efficatiam,
1081 3577 1169 3647 acin
1188 3576 1477 3646 commutationem

295 3703 473 3790 habebunt,
494 3711 528 3775 et
546 3709 708 3797 tamquam
727 3706 811 3775 lacta
831 3705 870 3775 ab
889 3703 1029 3798 lnrperio
1049 3725 1121 3774 meo
1142 3700 1393 3795 deputabuntur.

384 3833 588 3906 Gorroborat
608 3834 691 3902 enim
711 3838 745 3902 ot
763 3833 932 3904 confirmat
951 3855 988 3902 ea
1009 3831 1180 3926 lmperium
1199 3853 1304 3900 meum
1323 3851 1384 3922 per
1398 3849 1476 3922 pre·

295 3983 369 4032 sens
402 3959 632 4054 chrysobolum
660 3959 795 4032 uerbum
823 3981 914 4030 snum
944 3965 977 4031 et
1006 3959 1160 4054 precipit,
1196 3979 1254 4028 eos
1284 3955 1480 4028 conuersari

290 4169 619 4192 f.....——

321 4282 347 4356 1)
367 4283 412 4338 Sic
424 4283 488 4348 LP.;
503 4285 535 4336 et
553 4281 637 4336 uuir.
652 4283 725 4337 Van.
740 4299 789 4336 om.
803 4281 855 4335 LA.
934 4280 962 4352 ⁴)
983 4278 1067 4350 quod
1086 4278 1202 4334 additum
1215 4279 1239 4333 in
1253 4279 1307 4332 LA.

318 4373 348 4446 ²)
368 4375 412 4428 Sic
423 4392 468 4428 nos
479 4391 510 4428 cx
520 4373 673 4446 compendio
684 4374 749 4436 LA.;
762 4389 856 4446 prae·
935 4370 962 4444 ⁵)
982 4371 998 4424 J
1005 4370 1120 4425 oannis
1139 4370 1188 4423 Ll’.

367 4465 496 4520 conium
516 4467 564 4519 LP.
936 4461 963 4534 ⁸)
983 4463 1067 4534 apud
1087 4461 1163 4516 codd.

320 4555 349 4632 ⁸)
367 4557 437 4629 Lege
451 4555 697 4610 Auriculanum.
1138 4581 1140 4588 v
