3120 5078
438 363 547 420 Correus
561 363 769 422 Guaonrconnu
781 367 960 422 Ponuntur.
1220 356 1297 428 295

97 539 227 604 terram
251 533 344 628 regis
362 533 567 606 Francorum
585 537 707 630 rapinis
727 542 761 608 et
780 537 941 610 incendiis
959 537 1200 610 devastaverat.
1232 535 1301 606 Sed

97 660 222 744 ituria,
242 661 417 734 comitissa
434 661 623 745 Plandriae,
648 687 709 757 pro
735 687 818 758 pace
836 665 924 738 inter
948 686 1064 758 regem
1083 671 1118 736 et
1137 665 1298 735 Comitem

100 787 332 881 componenda
350 787 493 858 Parisios
510 787 633 860 vadens
652 789 694 860 ad
713 813 840 883 regem,
868 790 1051 862 honorifice
1071 797 1228 883 suscepta
1248 795 1301 860 est

100 914 144 984 ab
163 937 218 986 eo.
249 915 354 1002 Quam
379 937 436 986 rer
455 915 497 985 de
515 937 599 1008 pace
622 939 773 988 securam
800 941 874 988 cum
901 917 1094 1011 quibusdam
1113 915 1249 1012 captivis
1269 916 1301 986 in

101 1040 225 1134 pignus
245 1039 338 1132 pacis
356 1042 483 1112 remisit
503 1041 546 1112 ad
563 1043 709 1138 propria.

196 1165 296 1238 Anno
319 1165 450 1264 Domini
471 1165 560 1238 MCC
580 1169 613 1238 in
632 1168 684 1240 die
703 1170 878 1242 nativitatis
899 1169 1109 1251 Dominicae,
1134 1167 1300 1260 Phiiippus

102 1317 164 1364 rex
177 1299 213 1364 et
227 1294 347 1364 Comes
362 1293 519 1366 collocuti
534 1293 576 1364 de
591 1317 673 1388 pace
692 1297 901 1380 conveniunt,
916 1295 970 1368 ubi
983 1319 1044 1388 per
1056 1295 1299 1368 MariaeComi-

102 1421 208 1491 tissae
237 1419 427 1491 industriam
461 1443 524 1513 par
551 1422 643 1492 firma
669 1423 834 1515 utrimque
866 1423 977 1493 initur.
1016 1422 1109 1508 Quae
1142 1445 1205 1516 par
1236 1429 1302 1492 tam

101 1547 277 1632 Franciae,
299 1567 396 1640 qnam
415 1545 589 1620 Fiandriae
609 1567 727 1622 caussa
746 1571 886 1641 magnae
903 1548 966 1620 init
983 1549 1139 1628 laetitiae,
1159 1556 1193 1620 et
1220 1571 1304 1642 pace

102 1671 274 1764 dimssgata
292 1695 354 1764 per
372 1679 479 1747 totum
497 1675 655 1746 Francius
674 1697 824 1768 regnum,
845 1675 989 1746 restituit
1005 1673 1167 1746 Boldnino
1186 1697 1302 1747 omnes

102 1804 215 1868 terras
243 1821 332 1868 snas.
363 1798 460 1870 Circa
486 1821 565 1872 vero
589 1800 782 1894 principium
810 1801 929 1874 mensis
954 1801 1027 1874 Maii
1058 1823 1117 1871 rex
1143 1801 1303 1872 Francius

104 1922 272 1996 mandarit
295 1925 446 1996 omnibns
465 1925 629 1998 nobilibus
647 1927 716 1998 suis
735 1927 953 2011 attenderis,
975 1933 1137 2020 quatenus
1157 1927 1301 1998 Parisios

106 2051 150 2124 ad
169 2057 435 2124 torneamentum
455 2052 665 2124 conveniant.

196 2177 244 2248 At
260 2175 439 2250 Balduinus
458 2177 704 2272 Flamingorum
723 2177 843 2250 Comes
862 2202 935 2251 cnm
955 2179 1097 2250 ilenrico
1116 2180 1220 2252 fratre
1237 2203 1299 2252 suo

1 2319 2 2324 ’
103 2311 139 2376 et
162 2304 313 2398 pluribus
338 2303 409 2375 aliis
434 2304 606 2399 ingenuis,
630 2305 702 2398 ipse
727 2305 890 2397 ingenuus
917 2311 951 2378 et
975 2305 1195 2376 nobilissimus
1214 2307 1301 2378 inter

101 2437 261 2504 caeteros
278 2430 445 2524 principes
464 2431 610 2510 veniens,
629 2453 746 2524 regem
763 2431 915 2502 visitans:
944 2438 979 2502 et
997 2434 1029 2504 in
1047 2433 1186 2524 prandio
1206 2434 1298 2526 regis

1 2537 2 2548 ἵ
104 2559 273 2640 existens,
299 2577 459 2649 pavonem
479 2556 592 2628 ridens
610 2557 759 2628 vovendo
785 2535 885 2649 super
903 2579 1064 2650 pavonem
1083 2559 1181 2630 dixit:
1211 2560 1303 2652 quod

102 2686 135 2756 in
159 2706 272 2778 regno
299 2683 458 2756 Franciae
480 2706 644 2781 nunquam
667 2705 758 2757 arma
780 2689 930 2778 portaret
955 2707 1018 2754 nec
1043 2685 1212 2770 indueret,
1245 2709 1305 2758 sen

103 2817 227 2884 contm
245 2810 372 2882 uicinos
390 2833 450 2882 sen
469 2809 630 2904 anglicos
648 2815 824 2904 pugnaret,
844 2809 904 2880 ssd
919 2815 1037 2882 contra
1050 2810 1306 2884 Christianitatis

105 2936 275 3020 aemulos,
301 2935 431 3008 scilicet
457 2938 661 3008 Sarracenos
689 2959 747 3008 seu
769 2957 933 3030 paganos,
960 2941 994 3008 et
1012 2937 1147 3030 insuper
1166 2937 1306 3010 addidit:

110 3063 243 3158 „quod,
270 3063 333 3134 Dei
352 3063 459 3156 gratia
478 3085 531 3134 me
545 3063 695 3155 Jurnnte,
718 3060 902 3134 Jerusalem
920 3063 1122 3156 proficiscar,
1143 3063 1308 3136 Sarrace-

108 3214 171 3262 nos
197 3189 363 3272 invadam,
389 3190 444 3282 qui
469 3187 664 3262 avunculum
688 3209 795 3260 meum
823 3186 1005 3282 Philippum
1028 3188 1173 3260 Alsatiae
1202 3191 1308 3262 inter-

106 3319 300 3390 fecerunt“.
330 3315 403 3388 Hoc
420 3321 499 3388 voto
519 3315 640 3409 pauoni
665 3314 772 3397 iacto,
798 3313 1029 3386 incontinenti
1048 3339 1087 3386 ac
1107 3315 1149 3388 de
1169 3339 1309 3388 assensu

108 3444 202 3538 regis
228 3441 262 3512 in
288 3441 405 3512 eodem
430 3441 569 3534 prandio
595 3441 707 3534 piures
728 3439 857 3512 nobiles
875 3461 915 3512 ac
933 3439 1100 3536 principes
1119 3441 1152 3512 in
1170 3442 1309 3534 prandio

109 3569 205 3663 regis
234 3567 415 3640 existentes
445 3567 532 3638 idem
563 3573 695 3638 vovent.
737 3568 846 3638 Primo
871 3567 1031 3638 Henricus
1058 3567 1101 3638 de
1125 3566 1309 3653 Hannonis,

107 3696 216 3766 irater
234 3692 384 3764 Balduini
400 3693 538 3764 Comitis
552 3693 710 3786 praedicti
731 3699 766 3764 et
784 3715 897 3764 comes
910 3691 1172 3786 Andagavensis.
1192 3695 1309 3766 Ludo·

109 3823 204 3894 ricns
222 3841 337 3892 comes
355 3819 544 3902 Biesensis,
568 3819 763 3891 marchisius
789 3818 833 3888 de
857 3818 1071 3904 Montserrnt,
1098 3821 1310 3894 Theohaldus

109 3969 228 4018 comes
247 3945 465 4038 Campaniae,
490 3945 593 4016 frater
617 3945 709 4038 regis
728 3967 841 4016 comes
860 3943 902 4014 de
920 3943 1023 4014 Perse
1042 3946 1075 4015 in
1093 3945 1310 4032 Normannia,

108 4073 227 4144 Simon
247 4093 362 4144 comes
380 4070 634 4144 Montis-Portis
654 4078 688 4142 et
704 4071 809 4142 irater
827 4093 907 4140 suus
926 4092 1039 4142 eomes
1054 4071 1173 4157 Gnido,
1201 4073 1310 4144 domi-

110 4221 173 4270 nns
192 4198 364 4270 Johaones
382 4197 424 4268 de
443 4195 558 4290 NpelIa
576 4219 651 4268 cum
668 4197 775 4268 tribus
792 4195 952 4268 fratribus
974 4199 1059 4282 suis,
1083 4200 1249 4272 Renaldus
1269 4201 1311 4272 de

3 4329 5 4408 ζ
111 4327 303 4421 Dampetra,
324 4323 432 4417 Payen
452 4322 704 4406 Antileacensis,
729 4323 908 4394 Balduinus
928 4323 970 4393 de
988 4324 1164 4412 Beouroir,
1192 4327 1311 4398 Petrus

3 4491 5 4522 ι
113 4453 154 4524 cle
167 4449 307 4536 Bachel,
328 4457 470 4543 quatuor
483 4451 631 4546 episcopi
646 4450 840 4534 Teutonico,
856 4450 1034 4543 episcopus
1047 4452 1313 4539 Suessionensis‚

114 4581 292 4674 spiscopus
317 4578 514 4662 Trecensis,
547 4577 723 4672 episcopus
748 4579 844 4648 etiam
870 4577 1093 4650 Tornacsnsis
1116 4619 1171 4632 —
1197 4603 1312 4652 omnes

4 4951 11 5071 r
