3110 5080
305 360 383 432 406
538 327 1095 425 lunocllllnrrsr.snbnnx.llllrrm.
1108 365 1154 424 Gr.

302 540 543 636 praesentiam,
586 563 687 635 snper
731 538 781 610 bis
824 562 898 610 cum
941 537 1098 610 iratribus
1139 539 1262 632 nostris
1305 535 1501 609 babebimus

304 673 498 752 tractatum,
528 672 561 738 et
584 667 662 739 illud
685 673 885 752 statuemus,
913 665 1005 763 quod
1029 667 1087 738 tibi
1110 667 1235 760 poterit
1259 667 1378 738 merito
1404 688 1503 737 com·

305 795 460 890 placere;
487 817 670 889 quanquam
694 794 806 889 plures
831 801 1035 882 assererent,
1064 794 1154 889 quod
1176 793 1363 888 hujusmodi
1381 800 1503 888 postn-

304 922 436 994 lationis
454 921 632 1017 benignum
659 921 853 994 deberemus
878 929 1049 1018 praestare
1073 923 1220 994 fauorem
1244 945 1305 1017 pro
1328 944 1383 1006 eo,
1411 921 1503 1015 quod

306 1052 509 1122 Graecorum
540 1047 691 1121 Ecclesia
719 1050 763 1121 sit
794 1049 997 1144 apostolicae
1024 1049 1104 1121 Sedi
1137 1049 1240 1122 minus
1273 1047 1434 1121 obediens
1469 1055 1503 1120 ct

306 1175 436 1247 devota.

394 1304 503 1399 Super
521 1327 562 1375 eo
582 1309 703 1388 autem,
722 1304 810 1400 quod
829 1304 871 1376 dc
885 1303 1031 1399 jurando
1050 1303 1107 1376 illo
1125 1301 1168 1375 ad
1186 1305 1369 1376 llomanum
1390 1301 1501 1401 impc-

306 1431 389 1502 rium
408 1430 644 1515 obtinendum,
671 1433 726 1526 qui
743 1431 922 1504 Romanam
941 1429 1124 1505 Ecclesiam
1148 1432 1287 1504 deberet
1304 1431 1448 1526 diligere
1466 1443 1501 1504 et

307 1559 429 1630 nostris
449 1557 677 1630 obsecundare
695 1559 867 1644 mandatis,
886 1567 943 1630 tua
962 1583 1024 1632 uos
1044 1559 1206 1631 celsitudo
1225 1559 1330 1632 voluit
1348 1583 1500 1632 commo-

306 1705 404 1770 nere,
434 1686 584 1770 noueris,
609 1685 713 1780 quod,
741 1686 821 1759 licet
843 1685 1031 1782 praedictus
1057 1687 1223 1781 Philippus
1251 1693 1371 1782 potens
1399 1691 1444 1759 sit
1469 1693 1503 1759 et

306 1811 440 1884 multum
463 1811 622 1897 abundet,
647 1819 757 1884 tamen
782 1835 840 1883 rex
859 1812 947 1886 Otho
971 1813 1074 1897 adeo,
1098 1821 1216 1884 nostro
1241 1814 1351 1886 studio
1370 1821 1408 1886 et
1425 1815 1501 1886 duli-

306 1940 418 2033 gentia
442 1937 626 2024 mediante,
649 1963 711 2035 per
734 1939 794 2011 Dei
819 1941 960 2034 gratiam
978 1945 1030 2012 est
1053 1948 1243 2035 promotus,
1273 1941 1362 2035 quod
1382 1949 1501 2014 'centn

307 2089 381 2138 enm
404 2066 458 2137 ille
483 2065 644 2140 hactenus
661 2089 728 2140 non
746 2067 854 2162 potuit
871 2065 1079 2162 praevalerez
1105 2067 1147 2139 ed
1166 2067 1254 2161 quod
1273 2067 1500 2162 exequendum

307 2199 461 2288 quamam
479 2193 575 2264 nobis
598 2195 807 2278 subveneris,
831 2193 910 2266 licet
933 2193 1033 2265 mults
1057 2193 1178 2266 luerint
1203 2195 1298 2266 nobis
1322 2197 1499 2289 promissa,

307 2319 485 2415 lmperialis
511 2320 701 2392 excellentia
726 2343 793 2394 non
818 2323 968 2416 ignorat,
998 2321 1087 2416 quod
1114 2322 1227 2416 utique
1250 2328 1342 2394 tento
1371 2323 1500 2416 gratim

307 2447 446 2518 deberes
471 2447 611 2531 babere,
636 2453 758 2541 quanto
778 2449 811 2520 id
829 2455 864 2521 tc
882 2471 948 2521 non
971 2455 1183 2544 promerente
1209 2449 1357 2520 noscitur
1374 2471 1499 2544 procu·

305 2581 424 2646 ratum.
453 2574 489 2644 Si
509 2576 594 2646 enim
611 2575 697 2646 idem
716 2575 885 2671 Philippus
904 2575 1100 2649 obtinuisset
1118 2577 1305 2672 lmperium,
1324 2577 1424 2648 multa
1442 2576 1500 2647 abi

310 2725 349 2773 en
367 2701 509 2796 imperio
527 2723 590 2772 suo
609 2702 795 2795 manamine
814 2704 1056 2797 provenissent,
1084 2725 1157 2776 oum
1176 2727 1238 2798 per
1255 2708 1379 2774 terram
1398 2705 1503 2776 car-is-

309 2831 381 2900 simi
411 2830 443 2899 iu
473 2829 606 2900 Obristo
641 2828 695 2900 tilii
730 2829 855 2915 nostri,
888 2830 1045 2901 Friderici
1077 2829 1212 2901 illustris
1239 2829 1330 2923 reffl's
1358 2829 1502 2913 Siciliae,

308 2957 438 3050 nepotis
453 2957 515 3040 sui,
535 2956 566 3026 in
587 2956 757 3049 imperium
770 2963 862 3027 tuum
875 2957 1050 3052 insurgere
1063 2957 1105 3029 de
1118 2955 1206 3030 sacili
1222 2957 1398 3049 potuisset,
1418 2957 1504 3028 sicut

307 3083 468 3155 Henricus
494 3082 571 3155 olim
593 3083 778 3177 imperator
800 3084 905 3156 irater
923 3107 1002 3156 suus
1020 3107 1081 3180 per
1098 3083 1241 3158 Siciliam
1260 3090 1351 3156 tuum
1376 3107 1503 3180 propo-

308 3216 422 3281 suerat
440 3209 613 3305 Imperium
632 3231 808 3305 occupare.

396 3337 492 3408 Licet
509 3343 618 3408 autem
634 3361 652 3408 a
666 3344 817 3431 tempore
835 3337 974 3433 inclytae
992 3339 1168 3410 memoriae
1185 3337 1343 3410 blannelis
1361 3337 1501 3432 praede-

307 3464 452 3535 cessoris
476 3465 524 3534 tui
548 3465 945 3560 constantinopolitanum
971 3465 1142 3561 imperium
1169 3487 1236 3536 non
1262 3465 1439 3549 meruerit,
1466 3471 1501 3535 ut

306 3591 382 3663 talia
402 3589 536 3662 ellicere
549 3591 755 3675 deberemus,
775 3615 850 3663 cum
869 3615 1000 3687 semper
1018 3593 1113 3664 nobis
1133 3599 1168 3665 et
1185 3591 1499 3686 praedecessoribus

307 3719 509 3812 nostrisper
527 3719 627 3790 rerba
646 3741 842 3813 responsum
861 3720 961 3791 luerit
980 3725 1013 3790 et
1031 3719 1108 3790 nibil
1123 3719 1278 3813 operibus
1293 3719 1498 3790 demonstra·

308 3853 388 3929 tum,
414 3846 447 3916 in
466 3846 581 3938 spiritu
600 3853 708 3917 tammr
728 3847 869 3918 lenitatis
888 3855 923 3918 et
940 3847 1195 3919 mansuetudinis
1213 3847 1362 3920 duximus
1380 3869 1499 3942 proce·

308 3973 460 4058 dendum,
480 3971 667 4059 credentes,
687 3982 724 4046 ut
736 3976 885 4070 inspecta
899 3976 1017 4070 gratia,
1038 3997 1133 4071 quam
1148 3976 1206 4047 tibi
1220 3975 1370 4058 lecimus,
1390 3998 1499 4045 emen·

308 4099 388 4172 dare
407 4100 561 4171 celeriter
579 4099 713 4186 debeas,
734 4101 822 4195 quod
840 4109 907 4172 mm
926 4125 945 4174 a
963 4108 1009 4188 te,
1036 4125 1132 4196 quam
1151 4125 1170 4174 a
1188 4103 1498 4197 praedecessoribus

307 4230 373 4302 tuis
399 4229 503 4300 minus
527 4229 665 4322 provide
692 4229 850 4301 hactenus
878 4237 931 4302 est
955 4232 1126 4312 omissum
1160 4255 1234 4303 cum
1263 4237 1297 4302 et
1324 4233 1498 4303 secundum

307 4359 478 4429 humanam
507 4357 698 4427 industriam
726 4353 759 4428 id
787 4357 929 4428 deberes
962 4357 1199 4430 studiosissime
1231 4379 1436 4453 procurare,
1466 4365 1500 4430 nt

306 4487 417 4579 ignem
437 4485 468 4554 in
487 4483 622 4554 remotis
641 4485 789 4579 partibus
809 4486 1036 4579 extingueres,
1064 4507 1129 4556 non
1149 4487 1313 4572 nutrires,
1339 4509 1381 4558 ne
1400 4507 1499 4582 usque

308 4611 349 4682 ad
367 4615 479 4706 partes
498 4615 571 4682 tuas
590 4617 704 4705 posset
723 4611 927 4706 aliquatenus
945 4613 1128 4708 pervenire
