3130 5082
266 403 390 458 blanusn
402 401 462 458 lue.
475 417 582 458 rosuus
595 401 737 456 Vnuuruar
752 417 869 464 anunm,
883 417 941 455 uox
955 415 1099 455 usnovnu.
1205 387 1279 462 165

174 565 214 629 Et
242 565 309 632 brec
330 567 449 652 quidem
476 573 572 631 testes
598 565 788 638 Graecorum,
817 564 1047 630 occidentalium
1071 565 1282 649 scriptoribus,

88 673 106 735 i.
123 692 151 736 e.
168 673 310 746 Venetis,
332 695 350 739 e
367 675 512 740 diametro
529 672 737 738 adversantes.
761 673 797 737 lli
813 675 893 738 enim
911 695 1026 738 omnem
1044 675 1168 740 sevitie
1186 675 1284 758 lmpe·

86 779 207 844 rator-iae
225 781 342 866 culpam
359 784 390 846 in
407 781 532 846 Grecos
549 781 725 855 devolvunt;
751 779 851 846 Greci
868 781 1021 845 auaritiam
1044 788 1076 845 et
1096 782 1284 846 insolentiam

87 891 289 952 mercatorum
306 888 521 954 Veneticorum
542 889 639 972 primo
661 889 729 954 loco
746 890 895 953 incusant.
921 889 1028 954 llaroru
1046 889 1285 954 criminationum

88 1001 153 1061 utra
169 997 275 1062 uerior
291 999 346 1071 sit,
368 999 417 1063 rix
433 997 559 1062 difficile
576 1000 634 1062 erit
649 997 783 1062 definito.
809 996 934 1062 Venetis
955 997 1099 1062 Emanuel
1121 999 1288 1083 Imperator

89 1127 151 1171 earn
169 1107 210 1172 ob
228 1125 348 1172 causam
372 1109 403 1172 in
427 1108 560 1192 ipsorum
578 1109 660 1172 cives
676 1111 833 1190 grassatus
850 1127 920 1171 esse
937 1107 1067 1185 videtin,
1083 1107 1163 1193 quod
1180 1107 1288 1173 loedus

91 1235 157 1279 rum
171 1237 211 1280 eo
224 1221 328 1281 contra
341 1235 446 1300 regem
457 1216 695 1282 Normunnorum
706 1215 874 1280 Siculorum
886 1216 963 1280 inire
977 1217 1154 1282 noluissent.
1171 1217 1289 1281 Tacent

89 1345 160 1389 uero
185 1324 280 1389 iidem
304 1326 343 1389 de
366 1323 489 1390 loannis
513 1325 708 1410 imperatoris
732 1326 847 1388 sevitia
869 1325 1015 1388 aduersus
1033 1324 1169 1389 Venetos
1189 1327 1289 1412 plone

90 1431 216 1506 addens,
244 1433 294 1517 qui
316 1433 440 1498 eosdem
464 1433 598 1500 Venetos
623 1431 662 1497 ob
685 1432 811 1496 eandem
832 1431 1023 1497 insolentiam
1046 1437 1077 1497 et
1098 1433 1290 1498 auaritiame

90 1559 186 1622 regno
211 1559 268 1604 suo
291 1541 462 1625 expulerat,
486 1540 536 1604 ubi
561 1541 668 1605 similis
691 1560 784 1605 cansa
807 1539 941 1604 foederis
964 1541 1046 1627 rupti
1068 1563 1084 1606 a
1107 1541 1290 1606 Venetorum

92 1647 250 1713 annalistis
265 1670 324 1714 nen
339 1653 542 1712 memoratur.'
556 1649 616 1712 iles
631 1649 726 1712 omnis
741 1647 828 1712 nobis
841 1648 962 1732 quidem
973 1650 1093 1714 minime
1109 1651 1138 1714 in
1161 1649 1290 1716 obscuro

94 1759 196 1842 posita
211 1756 342 1823 uidetur.
369 1756 513 1821 Emanuel
530 1757 697 1841 imperator
718 1775 797 1823 seue
819 1739 956 1842 quidem,
981 1779 1037 1822 nec
1061 1763 1160 1823 tamen
1179 1759 1292 1841 injuste

94 1866 278 1930 Venetorum
300 1870 487 1930 mercatores
512 1871 546 1928 ut
567 1871 654 1950 pater
675 1865 771 1949 ipsius
787 1885 805 1930 e
821 1885 917 1948 regno
942 1866 1076 1951 expulit;
1101 1887 1168 1931 nrox
1184 1866 1293 1930 Veneti

94 1995 162 2040 cum
187 1993 263 2056 rege
284 1974 521 2040 Norrnannorum
544 1973 685 2038 uindictae
702 1994 793 2039 causa
815 1974 922 2040 foedus
938 1979 1043 2039 contra
1061 1977 1186 2041 Graecos
1203 1976 1293 2058 pepi·

92 2088 216 2164 gerunt
243 2083 323 2165 Quid
339 2084 411 2147 inde
425 2084 647 2147 consecutum?
664 2079 839 2147 Grecorum
855 2083 1032 2166 Imperator,
1049 2084 1157 2147 classis
1173 2083 1295 2148 Venetae

1 2191 2 2194 ’
93 2192 326 2275 praepotentiam
347 2192 563 2263 reformidans,
589 2191 619 2253 io
641 2191 769 2272 gratiam
791 2211 857 2256 cum
874 2192 942 2256 istis
959 2191 1175 2256 mercatoribus
1192 2191 1295 2264 rediit,

1 2295 2 2314 ¹
94 2300 140 2362 nli
164 2303 252 2384 pater
279 2299 377 2383 ipsius
400 2301 532 2366 loannes
561 2301 642 2364 circa
674 2319 781 2364 annum
806 2299 917 2364 domini
944 2299 1047 2378 1128,
1085 2321 1175 2364 causa
1206 2301 1298 2384 plane

94 2409 206 2472 eadem
222 2413 387 2492 permotus.
1329 2483 1330 2490 ἵ

190 2515 307 2580 Preter
320 2515 389 2580 illas
407 2537 505 2580 rerum
522 2515 730 2591 condiciones,
747 2535 821 2602 quas
834 2515 972 2582 diversas
985 2537 1002 2579 a
1015 2515 1142 2590 Graecis,
1161 2516 1298 2582 diuersas

96 2647 115 2690 a
132 2625 251 2692 botinis
268 2626 444 2690 auctoribus
458 2626 586 2690 vidimus
604 2624 746 2710 prolatus,
764 2626 843 2690 baud
861 2625 951 2690 dubie
968 2627 1057 2690 etiam
1074 2627 1139 2690 uliae
1156 2627 1297 2698 rationes,

97 2735 154 2800 sed
177 2753 222 2798 ee
247 2734 441 2799 obscuriores
466 2739 497 2798 et
521 2733 703 2800 divinatione
727 2735 827 2819 potius
845 2733 1033 2799 stabiliendae
1059 2735 1244 2806 effecerunt,
1267 2738 1302 2798 ut

98 2844 244 2908 diuturna
266 2843 347 2906 inter
363 2842 498 2907 Venetos
515 2847 548 2906 et
564 2841 740 2908 Graecorum
764 2842 963 2926 imperatores
985 2863 1041 2928 pax
1065 2849 1155 2928 atque
1172 2842 1300 2906 amicitia

98 2955 214 3018 sensim
239 2951 358 3036 dilapsa
381 2951 503 3015 tandem
525 2951 625 3016 subito
648 2957 679 3015 et
702 2953 892 3037 inexpectato
916 2953 1003 3017 modu
1028 2958 1196 3017 corrueret.
1221 2953 1302 3016 lnter

99 3062 167 3126 illas
191 3081 316 3133 causas,
341 3066 372 3124 ut
397 3059 538 3124 sileamus
563 3061 601 3124 de
619 3061 747 3124 naturali
769 3062 849 3125 inter
865 3061 990 3126 Graeoos
1008 3083 1042 3125 ac
1060 3062 1184 3125 Latinos
1206 3079 1303 3144 eoque

7 3252 8 3259 ἵ
101 3171 241 3252 flagranti
253 3169 333 3240 odio,
353 3167 434 3232 nullo
453 3167 542 3233 modo
559 3189 616 3232 neo
633 3171 767 3232 extinctu
784 3190 840 3234 nec
856 3170 1070 3252 extinguendo,
1088 3173 1184 3255 potius
1202 3169 1304 3233 multi·

7 3275 8 3278 '
98 3282 205 3344 leriam
223 3285 254 3342 et
270 3277 434 3342 identidem
451 3278 593 3349 excitato,
611 3277 752 3362 primaria
769 3283 801 3342 et
818 3297 931 3342 summu
948 3279 1068 3342 uidetur
1083 3279 1211 3355 invidia,
1237 3299 1303 3362 quae

8 3431 9 3470 3
105 3386 320 3454 intercedebat
344 3387 424 3450 inter
451 3387 535 3470 ipsas
563 3384 656 3449 ltaliae
685 3385 843 3461 civitates,
871 3408 921 3452 res
949 3387 1087 3471 publicas
1112 3388 1305 3461 Venetorum,

104 3497 292 3568 Pisanorurn,
309 3494 514 3558 tennensium.
545 3494 679 3580 Namque
698 3497 809 3560 lactum
828 3502 909 3571 erat,
931 3503 964 3561 ut
985 3499 1051 3562 lere
1065 3499 1124 3562 hoc
1142 3498 1210 3582 ipso
1226 3503 1306 3561 tern-

10 3657 11 3664 ,
108 3626 189 3690 pore,
204 3610 237 3669 et
248 3603 336 3688 paulo
350 3607 421 3667 ante
432 3607 464 3666 et
480 3605 576 3685 magis
593 3603 729 3686 posthac,
747 3623 813 3668 cum
827 3603 940 3676 Pisani,
956 3610 1017 3668 turn
1030 3605 1199 3670 dannenses
1216 3604 1309 3668 multa

109 3735 125 3778 a
141 3713 261 3778 Graecis
278 3713 382 3797 adepti
399 3716 503 3776 essent
520 3711 674 3775 commoda
692 3733 727 3776 ac
744 3712 901 3776 libertates
918 3714 1109 3786 commercii,
1130 3733 1196 3798 quae
1212 3713 1309 3798 priori

11 3801 12 3825 ³
110 3843 171 3888 ero
188 3829 305 3886 tanturn
321 3840 381 3884 non
397 3820 473 3884 solis
487 3819 613 3884 Venetis
628 3825 659 3885 et
668 3820 924 3907 Constantinopoli
937 3829 968 3886 et
984 3825 1014 3887 in
1027 3823 1093 3886 aliis
1107 3823 1227 3907 lmperii
1239 3841 1310 3906 par·

12 3929 14 3978 1
109 3933 188 3997 tibus
212 3930 395 4013 obtigerant.
420 3927 503 3992 Nihil
519 3930 618 4012 magis
635 3931 755 3995 invidiae
773 3931 932 4016 obnoxium
950 3938 1006 4005 est,
1023 3951 1112 4015 quam
1128 3930 1206 3996 lucri
1225 3931 1311 4015 cupi·

112 4041 204 4112 ditas;
231 4059 267 4103 ea
291 4058 365 4104 uero
387 4038 467 4102 inter
483 4038 618 4102 homines
634 4039 739 4103 liberae
757 4041 906 4118 ciuitatis,
931 4061 998 4126 quar
1015 4043 1112 4105 omnis
1128 4039 1258 4104 intendit
1274 4039 1311 4103 ad

110 4149 268 4234 inperium
294 4145 476 4210 maritimum
500 4151 531 4210 et
555 4149 767 4211 commercium
791 4147 874 4212 orbis
892 4147 1098 4222 obtinendum,
1121 4149 1188 4233 ipsa
1205 4152 1311 4212 natura

112 4255 325 4322 ardentissima
341 4259 373 4318 et
389 4259 438 4318 est
454 4259 486 4318 et
501 4273 572 4318 esse
589 4254 690 4320 debet.
708 4255 784 4320 llinu
800 4261 1034 4321 consentaneum
1051 4261 1109 4331 est,
1126 4256 1313 4321 Venetorum

83 4377 90 4392 ·
113 4365 210 4438 tidem,
228 4367 320 4428 antea
335 4361 509 4447 Byzantinae
522 4363 595 4428 aula
611 4365 754 4442 habitam,
771 4363 859 4428 valde
875 4385 1053 4431 concussam
1070 4367 1184 4442 tuisse;
1202 4386 1313 4451 neque,

114 4495 178 4562 que
194 4493 265 4538 mox
280 4469 339 4536 sub
351 4469 490 4535 Manuale
507 4478 538 4536 et
553 4473 609 4538 sub
626 4473 693 4538 aliis
709 4474 943 4559 imperatoribus
960 4476 1034 4540 mira
1052 4477 1160 4541 astutia
1178 4481 1208 4539 et
1224 4474 1316 4537 animi

116 4583 282 4649 mobilitate
318 4579 466 4644 adversus
498 4581 586 4646 ltalus
616 4583 735 4648 omnino
766 4589 832 4650 acta
863 4594 951 4659 sunt,
983 4585 1160 4651 l'elellerunt
1192 4584 1317 4668 vigilem
