3130 5082
538 429 656 485 Pncrunr
670 431 842 485 Wnuuuunr.
1224 419 1274 491 85

90 597 294 683 Patriarcba‚
310 625 385 672 cum
399 607 512 672 nostre
525 602 664 674 ecclesie
673 603 892 674 confratribus
906 603 1131 695 suffraganeis,
1147 602 1276 673 domino

91 725 255 798 Willelmo
276 727 318 799 de
337 729 433 799 Buris
441 722 470 822 ¹)
494 731 748 814 constabulario,
777 735 811 800 et
827 731 959 824 Pagano
982 730 1186 815 cancellario,
1212 754 1276 802 no-

91 854 218 926 biscum
237 857 347 927 tocius
367 857 461 950 regni
479 857 659 928 Jerusalem
678 857 768 926 socia
787 856 944 928 baronum
963 857 1071 930 militia
1091 859 1276 942 coniuncta,

92 981 209 1054 debon
217 977 250 1075 ²)
276 985 308 1054 in
328 985 467 1056 ecclesia
485 992 596 1057 sancte
615 986 721 1056 crucis
741 959 990 1070 conuenientes,
1017 985 1162 1056 eiusdem
1185 986 1275 1078 regis

91 1107 243 1182 Balduini
260 1113 493 1206 promissiones
508 1114 685 1185 secundum
699 1116 880 1186 litterarum
894 1135 1024 1184 suarum
1042 1119 1076 1184 et
1094 1113 1277 1183 nuntiorum

94 1237 361 1328 prolocutiones,
390 1247 472 1334 quas
489 1241 593 1312 eidem
612 1241 841 1314 Veneticorum
860 1240 942 1312 Duci
965 1265 1043 1312 suos
1068 1264 1130 1335 per
1148 1243 1278 1312 nuntios

95 1387 200 1458 usque
220 1366 387 1438 Venetiam
406 1369 474 1463 ipse
494 1393 552 1439 rex
571 1370 790 1454 mandauerat,
811 1369 942 1464 propria
962 1374 1076 1440 nostra
1095 1375 1128 1440 et
1147 1369 1279 1465 episco-

94 1515 213 1584 porum
227 1495 297 1564 siue
308 1494 492 1588 cancellarij
509 1519 604 1566 manu
619 1497 909 1592 pacisqueosoulo,
924 1503 1022 1590 prout
1032 1496 1114 1566 ordo
1126 1489 1277 1589 noster³)

95 1619 209 1712 exigit,
231 1619 333 1702 datis;
363 1645 475 1692 omnes
494 1646 574 1694 uero
593 1623 751 1707 barones,
779 1647 915 1718 quorum
940 1623 1069 1694 nomina
1094 1623 1277 1718 subscripta

94 1751 185 1828 sunt,
211 1771 312 1840 snper
337 1757 448 1822 sancta
473 1750 642 1844 euangelia
661 1751 861 1844 subscriptas
881 1751 1108 1845 depactionum
1128 1773 1276 1820 conuen-

1 1933 2 1940 ,
93 1873 204 1944 tiones
231 1877 433 1948 sanctissimo
459 1877 660 1971 euangelista
685 1878 795 1948 llarco
823 1877 971 1972 predicto
999 1869 1120 1969 θηρί’)
1149 1877 1280 1970 suisque

96 2003 346 2073 successoribus
369 2010 466 2099 atque
491 2006 581 2098 genti
604 2003 849 2089 veneticorum,
874 2005 966 2075 simul
986 2009 1168 2074 statuentes
1187 2002 1278 2074 affir-

95 2151 233 2212 mamus,
253 2131 402 2224 quatinus
420 2133 491 2202 sine
506 2131 610 2226 aliqua
625 2131 893 2214 contradictione,
914 2153 976 2226 que
996 2130 1093 2214 dicta,
1114 2137 1147 2203 et
1166 2154 1278 2224 quem·
1384 2103 1388 2114 ¹

1 2299 2 2326 ;
96 2254 271 2326 admodum
298 2258 431 2328 inferius
460 2259 641 2352 subscripta
669 2265 760 2342 sunt,
789 2260 834 2328 it'a
861 2263 895 2328 et
921 2263 992 2328 rata
1018 2259 1106 2328 etin
1133 2258 1277 2328 luturum

95 2383 219 2455 illibata
237 2383 297 2454 sibi
317 2361 439 2479 sueque
460 2387 549 2479 genti
568 2387 802 2480 imperpetuum
821 2391 1044 2479 permaneant.
1074 2385 1188 2455 Amen.

186 2511 221 2580 ln
241 2513 387 2583 omnibus
407 2513 531 2584 scilicet
549 2513 725 2610 supradicti
744 2513 833 2606 regis
854 2513 988 2608 eiusque
997 2505 1028 2604 ³)
1049 2535 1275 2583 successorum

95 2631 200 2731 sub⁶)
225 2639 365 2710 dominio
391 2647 489 2734 atque
513 2641 653 2711 omnium
678 2663 811 2710 suorum
834 2639 991 2710 baronum
1015 2639 1198 2709 ciuitatibus
1217 2639 1278 2732 ipsi

1 2819 2 2842 ι
96 2764 245 2837 Venetici
273 2766 442 2837 ecclesiam
471 2773 503 2837 et
529 2768 688 2860 integram
716 2789 831 2860 rugam
859 2789 1017 2860 unamque
1045 2765 1185 2859 plateam
1211 2767 1280 2836 siue

95 2893 258 2976 balneum,
278 2917 340 2964 neo
359 2917 423 2965 non
442 2901 476 2965 et
494 2895 622 2965 sumum
639 2893 789 2977 babeant,
804 2896 880 2987 jure
899 2893 1095 2964 hereditario
1115 2894 1279 2987 imperpc-
1352 2959 1359 2990 ,ι

98 3029 192 3092 tuum
210 3020 420 3114 possidenda,
440 3020 575 3092 abomni
591 3021 758 3092 exactione
775 3019 888 3104 libem,
908 3021 993 3091 sicut
1006 3025 1082 3090 sunt
1094 3019 1184 3112 regis
1198 3043 1280 3112 pro·
1353 2991 1362 3098 l,

1 3201 2 3234 ,
98 3147 183 3240 pria.
212 3145 330 3218 Verum
348 3148 381 3218 in
399 3147 527 3242 platbea
546 3147 724 3220 Jerusalem
742 3155 866 3219 tanturn
884 3147 925 3218 ad
944 3147 1111 3242 proprium
1128 3145 1280 3230 babeant,

100 3279 258 3366 quantum
281 3297 339 3345 rer
364 3273 486 3346 babere
514 3275 627 3346 solitus
652 3282 713 3346 est.
743 3275 866 3362 Quodsi
891 3275 977 3370 apud
999 3273 1115 3346 debon
1141 3273 1280 3352 furnum.

1 3423 2 3500 l
99 3400 334 3485 molendinum,
360 3402 526 3486 balneum,
553 3409 726 3487 stateram,
754 3402 881 3473 modios
901 3407 935 3473 et
958 3401 1074 3487 buzas,
1102 3401 1143 3472 ad
1162 3402 1281 3483 uinum,

1 3519 2 3536 ¹
98 3528 209 3599 oleum
226 3529 279 3598 uel
300 3529 361 3598 mel
381 3529 638 3613 mensurandum,
659 3531 690 3598 in
705 3531 776 3600 uico
797 3552 857 3600 suo
873 3527 1017 3602 Venetici
1036 3529 1148 3600 lacere
1166 3527 1282 3599 uolue-

97 3655 176 3738 rint,
196 3655 344 3726 omnibus
363 3657 438 3726 inibi
456 3655 674 3728 habitantibus
693 3658 817 3750 absque
835 3655 1109 3739 contradictione,
1135 3655 1282 3750 quicum·

97 3805 163 3875 que
182 3781 335 3864 uoluerit,
357 3806 511 3877 coquere,
530 3781 665 3864 molere,
685 3783 847 3866 balneare,
868 3784 953 3854 sicut
971 3783 1012 3854 ad
1031 3782 1120 3877 regis
1139 3783 1284 3877 propria,

95 3909 200 3980 libere
218 3909 334 3991 liceat;
364 3915 416 3979 set
433 3908 625 3992 modiorum,
645 3915 768 3980 statere
787 3915 885 4002 atque
903 3910 986 3981 buze
1002 3904 1191 4002 mensura⁷)
1218 3909 1283 3978 hoc

96 4035 197 4106 modo
217 4036 264 4106 uti
281 4034 389 4106 liceat.
410 4033 491 4108 Nam
506 4035 634 4130 quando
648 4035 794 4107 Venetici
814 4037 900 4109 inter
918 4061 955 4108 se
973 4037 1190 4131 negociantur
1209 4058 1283 4106 cum

2 4319 5 4506 p
118 4364 323 4439 ¹)vm01m0
348 4363 375 4418 a.
393 4363 424 4418 n.
442 4363 494 4419 nn.
518 4363 666 4418 wilelmo

171 4456 315 4511 debnria
328 4455 378 4509 LP.

3 4507 6 4620 l
118 4547 148 4622 ¹)
168 4549 304 4604 debona
317 4547 399 4617 Rong.

2 4824 10 5079 l
