3120 5078
272 367 348 440 288
548 379 639 433 Rulli!
652 378 814 434 Bruttium
827 395 879 434 Vn
892 379 1022 436 FBANGOS
1036 397 1164 434 ΠΕΝΙΟ.

269 546 380 631 paleae
395 544 563 631 :stipendiis
584 545 761 610 Venetorum
774 553 980 633 proparntae
1000 569 1093 636 quom
1112 545 1205 612 citiue
1225 543 1396 617 celibem
1420 547 1454 606 et

273 655 410 720 uicissim
426 676 486 742 per
503 677 617 720 annum
636 657 789 744 inteprum
805 657 839 722 in
854 659 909 724 dei
920 659 1049 724 seruitio
1061 677 1280 745 peruenerare,
1296 660 1327 718 et
1340 651 1456 738 acqui-

273 765 373 830 renda
385 765 547 852 aequaliter
558 765 700 830 dividere
709 768 802 852 pacti
811 773 891 830 curet.
906 768 984 832 Dur
995 768 1069 831 licet
1080 787 1180 830 cenea
1191 785 1333 851 corpore,
1345 762 1453 826 animo

274 873 663 959 tomenmoqnanimuo,ad
670 874 887 960 euequendum
893 874 1208 963 loocpereonaliteree
1214 869 1457 954 continetque

270 984 332 1069 pio
348 981 512 1068 dispositio
529 1005 549 1048 a
566 983 712 1048 concione
729 985 878 1048 lourlatur
893 992 924 1050 et
939 985 1130 1056 decernitur,
1153 991 1189 1049 ut
1206 1005 1241 1048 eo
1257 983 1386 1048 alueum
1402 979 1457 1044 eir

274 1090 410 1173 inolqtuo
432 1091 610 1175 Bapneriue
625 1091 792 1168 Dandulo,
812 1101 909 1158 natue
921 1094 999 1179 ejue,
1020 1093 1128 1181 patrio
1144 1093 1211 1158 rice
1229 1095 1392 1178 sunqatnr.
1410 1123 1457 1136 —

274 1199 425 1286 Sequenti
439 1223 522 1266 anno
540 1201 669 1288 paratio
689 1202 791 1288 paleis
807 1211 838 1267 et
854 1203 928 1267 aliie
949 1203 1087 1289 naoiqiir
1107 1201 1233 1266 comiter
1250 1199 1368 1264 Gallici
1387 1220 1458 1262 cunr

274 1309 388 1374 militia
400 1309 539 1394 equestri
550 1316 581 1374 et
593 1309 739 1396 pedestri
748 1309 920 1374 accendant
930 1332 1036 1380 narce.
1049 1317 1079 1374 et
1089 1309 1168 1374 Duc
1177 1329 1244 1374 oum
1257 1305 1459 1372 multitudine

282 1416 458 1482 Venetorum
470 1425 500 1482 et
508 1417 687 1482 italicorum
699 1440 717 1482 e
725 1426 823 1506 portu
834 1419 875 1484 de
885 1441 990 1484 merare
1003 1419 1144 1484 Octobris
1158 1419 1298 1502 feliciter
1316 1421 1458 1492 exeunt5

275 1533 483 1590 trecentorum
504 1527 588 1590 enirn
611 1527 810 1614 noriqiornm
829 1529 900 1610 fere
920 1529 1017 1594 etoluo
1041 1533 1120 1592 erat.
1136 1563 1182 1574 --
1196 1526 1276 1592 Dua
1289 1533 1366 1590 tuac
1383 1525 1460 1588 Ter-

273 1635 412 1721 qeotinoo
428 1643 457 1698 et
472 1634 649 1722 anleneeo
664 1655 752 1700 more
767 1636 953 1720 insectanter
973 1635 1177 1722 comprimere
1192 1635 1365 1705 anhelans,
1389 1654 1460 1697 euni

272 1752 369 1830 parte
384 1744 458 1808 etoli
472 1743 549 1808 illuc
563 1745 705 1816 divertit.
728 1752 759 1808 et
774 1746 846 1810 illoc
861 1746 982 1831 opertio
993 1745 1100 1832 portio
1116 1744 1220 1810 oboioe
1236 1743 1356 1815 amau.
1379 1742 1459 1808 roti-

277 1873 347 1917 cum
366 1853 551 1938 fidelitatem
567 1859 599 1918 et
613 1854 832 1940 subjectionem
848 1856 1021 1940 offerentes.
1046 1854 1125 1920 Duc
1145 1861 1248 1918 autem
1269 1855 1391 1916 malene
1407 1873 1461 1917 eoo

273 1962 397 2046 fideles,
422 1983 514 2049 quam
530 1963 684 2047 enbjeotoe
700 1964 876 2050 acquirere,
900 1964 940 2028 dc
954 1971 1111 2051 perpetua
1128 1963 1285 2048 fidelitate
1298 1961 1462 2028 emunda

279 2078 310 2136 et
323 2071 518 2138 immunitate
539 2072 715 2136 Venetorum
735 2080 767 2137 et
786 2072 919 2138 annuali
939 2093 1036 2138 centu
1057 2071 1284 2160 quinquaqinta
1306 2092 1463 2136 urnanen

278 2181 376 2246 oinio
392 2181 598 2268 Terqeetinio,
614 2187 644 2245 et
653 2182 739 2246 XXV
742 2205 763 2246 a
774 2181 984 2268 Muplenrilue
999 2183 1060 2246 eibi
1074 2187 1104 2246 et
1119 2181 1349 2246 mcoeeeoribue
1363 2179 1463 2244 ealci-

279 2291 377 2356 lcndo
390 2290 628 2377 promieeioacm
642 2292 799 2377 neccepit;
822 2299 853 2354 et
868 2291 927 2366 illi,
944 2291 1047 2356 miecio
1062 2291 1203 2376 oyndioie
1223 2289 1376 2358 Venetiae.
1393 2288 1464 2354 looec

281 2402 446 2466 oboeruare
468 2401 606 2488 polliciti
625 2408 706 2466 runt.
724 2437 768 2448 -
782 2402 862 2466 Dur
882 2402 967 2466 illico
983 2401 1132 2466 recedens
1147 2423 1215 2466 oum
1230 2402 1310 2465 etolo
1326 2399 1465 2465 Jadram

276 2509 442 2598 peruenit.
468 2531 536 2596 quoe
553 2511 667 2593 sorore
686 2511 771 2596 rapio
794 2510 967 2597 Hunparioe
983 2511 1017 2573 in
1032 2509 1200 2574 rebellione
1216 2509 1376 2596 tinctaque
1389 2531 1467 2596 per·

278 2625 456 2694 manoerot;
480 2626 511 2682 et
525 2619 808 2706 obtemperantibuo
824 2617 957 2684 Francia
973 2619 1093 2684 incolae
1107 2619 1236 2688 mouerit.
1260 2625 1296 2682 ut
1309 2618 1405 2681 nolito
1421 2619 1469 2681 ad

280 2747 349 2790 eum
376 2726 566 2810 uebjeetionc
591 2727 742 2792 redirent.
781 2727 897 2804 Quom
922 2727 1123 2791 renuentibue
1147 2727 1240 2811 jubet
1265 2727 1345 2790 Duc
1371 2747 1466 2790 arma

281 2855 411 2917 capere.
436 2842 467 2898 et
482 2841 592 2900 contro
608 2834 765 2900 cirintern
782 2835 929 2900 iueultma
949 2837 1069 2919 facere.
1093 2835 1148 2898 Illi
1161 2835 1286 2922 inteqra
1301 2834 1355 2898 die
1370 2855 1469 2899 reno-

281 2943 363 3008 uatio
378 2943 540 3010 inniabant
551 2945 678 3010 viribuo.
701 2945 874 3010 dadreneeo
888 2945 995 3031 itaque
1007 2944 1134 3032 pondero
1146 2944 1267 3030 proclii
1277 2965 1341 3007 non
1353 2946 1468 3026 seren-

281 3061 338 3128 ior,
354 3075 445 3118 mone
460 3054 603 3140 coquenti
616 3076 650 3118 ee
665 3055 821 3118 uoluntati
833 3054 933 3119 Dacia
946 3054 1014 3120 tine
1030 3055 1139 3140 aliqua
1154 3053 1334 3118 conditione
1348 3053 1468 3117 submi·

281 3171 398 3226 rerunt.
433 3164 512 3228 Dur
537 3169 640 3228 autem
665 3163 794 3228 coneilio
816 3161 910 3228 totino
929 3163 1044 3250 populi
1068 3162 1172 3226 Veneti
1196 3169 1273 3227 tuno
1297 3161 1469 3248 praecutit

282 3270 454 3334 maritimos
469 3291 575 3335 maroe
591 3270 831 3357 circumquaque
845 3271 933 3335 dirui
949 3269 1038 3354 fecit,
1059 3277 1089 3333 et
1104 3270 1217 3334 ibidem
1232 3269 1386 3354 lepernare
1400 3269 1467 3334 dir·

278 3378 396 3466 poenit.
422 3379 511 3444 Cieee
522 3375 550 3464 ¹)
566 3379 674 3465 itaque
688 3379 797 3444 Judroe
812 3379 912 3444 Ducit
925 3379 1065 3466 qratiam
1080 3399 1143 3443 non
1158 3379 1274 3442 mereri
1285 3379 1469 3463 formidan-

283 3495 344 3563 teo,
368 3495 399 3552 et
413 3489 453 3552 de
466 3489 553 3575 reqio
567 3489 681 3571 sorore
696 3489 813 3573 confici.
830 3509 874 3552 ec·
889 3489 966 3553 urbe
982 3488 1160 3552 euicerunt.
1178 3525 1221 3535 -
1236 3487 1370 3552 interim
1381 3510 1469 3575 puer

285 3597 405 3668 nolitne.
421 3596 534 3660 Alenii
543 3596 675 3667 nomine,
689 3597 774 3681 filino
790 3595 910 3662 Ieaelaii
924 3597 1079 3683 quondum
1093 3597 1299 3683 Imperatorio
1313 3597 1469 3662 Cenitan-

284 3707 486 3794 tinopolitani
506 3727 550 3772 eor
570 3727 678 3770 eorore
704 3705 790 3792 reple
812 3705 1005 3793 Hunqorioe,
1035 3707 1174 3772 Venetiae
1201 3707 1305 3784 uenit,
1333 3708 1471 3772 credone

284 3815 402 3880 Ducem
425 3815 576 3880 invenire.
604 3815 670 3892 Quo
691 3836 753 3878 non
776 3815 903 3880 invento
918 3816 1050 3884 Jadram
1067 3816 1272 3902 properauit,
1293 3815 1470 3902 honorifice

283 3925 430 3996 oooiotnn.
447 3931 479 3988 et
494 3945 563 3988 cum
578 3925 679 3988 litorio
691 3923 837 4012 Ploilippi
847 3926 1057 3990 Romanorum
1067 3927 1163 4013 reqie,
1179 3925 1235 4013 qui
1245 3927 1345 4012 filiam
1361 3925 1473 3993 Ieucloi

284 4032 419 4100 ilabebat
431 4053 582 4109 uxorem,
607 4034 695 4119 opud
709 4055 798 4120 quem
811 4055 892 4121 puer
904 4037 1012 4118 ficerat
1027 4035 1192 4108 educatur,
1216 4035 1363 4122 repitque
1377 4037 1471 4101 linn-

283 4146 386 4233 qarioe
395 4143 502 4210 multia
511 4143 871 4210 recommendationiluo.
884 4146 1069 4232 Ecponitur
1080 4164 1201 4233 quoque
1208 4146 1306 4233 pueri
1317 4154 1350 4210 et
1364 4147 1476 4234 patrio

285 4253 475 4320 minorabilis
490 4273 582 4318 mnu
590 4277 604 4332 ,·
627 4259 658 4319 et
677 4252 855 4320 Venetorum
869 4255 951 4343 petit
963 4276 1053 4342 opem
1063 4261 1156 4343 utque
1168 4255 1346 4328 aemilium,
1363 4256 1477 4343 quibem

331 4459 481 4467 ..nm-...n
487 4456 613 4465 -ψ-...ας

314 4581 340 4656 ¹)
364 4583 471 4638 fluent:
491 4581 550 4635 eod.
563 4581 649 4636 Ambe.
663 4577 796 4636 diuites.
