3130 5078
272 394 349 466 502
576 407 719 463 Bacnunu
732 407 829 462 loreas.
842 423 934 461 aaran.
948 423 985 460 an
998 407 1094 461 lunoc.
1108 407 1151 462 lll.

271 568 629 654 brobiepiscopumapud
641 571 738 636 Freh
747 593 813 635 eru
822 593 865 643 m,
876 570 1121 634 Germanicarum
1133 587 1234 636 rerum
1246 571 1354 656 script.
1363 595 1393 656 p.
1401 573 1461 638 271

274 677 342 763 (ed.
356 678 495 742 Francos.
507 701 533 744 a.
546 678 663 765 rouo),
681 701 717 744 ex
730 679 885 743 annalibus
898 679 1063 743 Godosredi
1077 679 1228 750 blonacbi,
1243 682 1294 763 qui
1307 680 1356 742 bis
1369 679 1466 744 verbis

270 783 388 850 litteras
406 787 489 870 ipsas
503 793 736 852 commentatur:
756 788 915 876 „paulice
930 795 1034 852 auterre
1053 787 1219 852 Tireoebio
1235 787 1314 872 (llyr
1331 785 1466 868 isaacio)

271 902 392 960 mortuo
408 895 560 970 areana,
575 919 610 961 se
626 899 665 962 ab
683 898 729 961 eia
744 897 937 961 alienaverit
952 903 984 960 et
999 898 1084 959 molo
1097 917 1159 981 pro
1174 897 1263 960 bonis
1278 895 1466 969 reddiderit,

271 1009 303 1067 et
326 1005 478 1090 qreomodo
502 1005 541 1068 nb
563 1006 610 1068 eia
631 1013 728 1092 copto
750 1005 879 1068 civitate
902 1004 1107 1068 Baldewinna
1124 1003 1231 1067 Comes
1246 1003 1414 1067 blandrioe
1434 1003 1467 1066 ire

270 1111 498 1196 Imperatorem
513 1113 699 1177 sublimatus
715 1113 767 1184 sit,
781 1133 845 1198 per
860 1111 945 1176 bone
960 1113 1136 1198 epistolam,
1153 1131 1246 1198 quum
1263 1112 1346 1176 idern
1362 1113 1468 1177 Cornea

270 1219 385 1304 Adolso
403 1221 583 1286 Coloniensi
597 1221 848 1306 drcbeepiaeopo
865 1220 1051 1296 tramisit,
1069 1220 1217 1307 copricaei
1227 1227 1345 1306 potest.
1371 1221 1405 1284 E
1407 1241 1432 1306 p
1440 1220 1468 1282 i-

272 1329 419 1392 atoio“.
459 1327 568 1392 Paucis
596 1327 774 1411 quibusdam
802 1328 878 1392 locis
907 1349 943 1392 ex
970 1329 1027 1392 bac
1053 1329 1200 1392 relatione
1228 1327 1467 1392 emendationem

273 1435 496 1500 subministrari
511 1435 605 1500 licuit.
617 1471 660 1482 -
674 1435 735 1500 err.
746 1435 908 1500 Wilken.
927 1435 947 1498 l.
962 1454 989 1498 c.
1003 1436 1037 1508 V.
1055 1457 1083 1519 p.
1102 1435 1169 1500 234
1185 1441 1216 1500 ct
1231 1456 1324 1519 porro
1341 1437 1463 1518 sepius.

365 1585 579 1656 sanctissimo
602 1587 635 1655 iu
655 1583 787 1658 Christo
819 1585 903 1678 patri
918 1589 968 1675 ¹et
996 1583 1128 1656 domino
1152 1584 1341 1668 carissimo,
1370 1585 1469 1654 lnno·

274 1713 402 1794 centio,
429 1711 481 1781 dei
511 1711 616 1803 gratia
645 1733 770 1780 summo
797 1711 964 1794 Pontifici,
993 1710 1187 1792 balduinus,
1216 1711 1331 1782 eadem
1361 1711 1468 1804 gratia

275 1837 656 1930 Constantinopolitanua
676 1837 858 1930 imperator
878 1843 911 1907 et
930 1859 1060 1930 semper
1080 1838 1263 1928 Augustus,
1284 1837 1467 1906 Flandren·

274 1963 320 2034 sis
340 1969 374 2035 et
393 1962 572 2034 llainoniae
592 1963 722 2047 Comes,
750 1963 842 2032 miles
869 1987 960 2046 suus,
987 1985 1060 2032 cum
1081 1961 1198 2032 deuota
1218 1985 1348 2056 semper
1368 1962 1468 2033 obse·

276 2090 340 2182 quii
361 2089 530 2159 voluntate
550 2087 662 2158 oscula
681 2088 811 2180 pedum.

367 2215 449 2285 Cum
475 2220 633 2307 paternae
652 2213 878 2286 sollicitudinis
898 2213 971 2284 zelo
991 2221 1025 2285 et
1043 2221 1177 2284 nostrae
1196 2213 1469 2306 congregationis

275 2339 360 2410 inid
381 2342 485 2434 ipsum
506 2363 618 2412 amore
638 2340 790 2434 speciali,
816 2363 901 2432 quae
920 2341 1007 2412 circa
1033 2362 1095 2410 nos
1120 2346 1277 2433 aguntur,
1303 2341 1469 2412 Sanctitas

276 2471 385 2536 vestra
405 2467 491 2537 scire
511 2465 698 2548 desideret,
727 2466 871 2536 seriatim
891 2466 983 2536 vobis
1004 2463 1235 2536 declarandum
1253 2490 1327 2537 esse
1347 2467 1468 2537 docre-

277 2592 397 2674 vimus,
427 2615 523 2685 mam
548 2594 629 2662 mua
654 2591 744 2662 circa
768 2613 832 2660 nos
857 2613 917 2662 usa
943 2597 995 2662 est
1019 2590 1137 2684 [citi]
1166 2591 1270 2664 diuina
1300 2591 1469 2664 clementia

277 2717 440 2800 novitate,
469 2741 631 2810 quamque
658 2741 723 2788 non
742 2716 1004 2810 nobisquidem,
1031 2718 1090 2788 sed
1110 2717 1231 2788 nomini
1251 2741 1312 2788 suo
1333 2717 1469 2810 gloriam

280 2843 417 2927 dederit,
439 2842 588 2914 omnibus
608 2843 728 2913 seculis
741 2841 971 2914 admirandam.
997 2841 1194 2934 Mirabilibus
1209 2844 1282 2936 ejus
1300 2845 1390 2914 circa
1411 2867 1470 2914 nos

278 2991 408 3061 semper
429 2969 626 3040 mirabiliora
645 2970 845 3052 succedunt,
870 2975 907 3040 ut
926 2970 1022 3038 etiam
1041 2969 1225 3039 infidelibus
1244 2969 1378 3040 dubium
1398 2991 1471 3040 esse

278 3119 345 3166 non
361 3095 465 3166 debe,
486 3149 494 3174 ,
515 3096 591 3188 quin
611 3118 724 3166 manus
738 3095 865 3166 Domini
886 3101 1041 3187 operetur
1059 3095 1141 3166 haec
1161 3096 1280 3178 omnia,
1302 3119 1377 3165 cum
1398 3095 1473 3166 nibil

280 3221 410 3292 anobis
429 3227 597 3315 speratum
616 3229 673 3292 aut
690 3223 857 3314 provisum
871 3226 947 3292 ante
962 3221 1157 3314 contigerit;
1179 3221 1238 3292 sed
1251 3229 1330 3294 tunc
1346 3222 1475 3293 demum

279 3370 364 3418 nora
382 3347 478 3418 nobis
497 3346 655 3418 Dominus
673 3348 863 3439 procurarit
881 3347 1009 3429 auxilia,
1037 3369 1110 3418 eum
1130 3347 1206 3418 nibil
1231 3348 1361 3418 humani
1383 3349 1473 3418 vide-

281 3479 374 3544 retur
393 3495 571 3567 superesse
593 3471 732 3544 consilii.

372 3599 416 3670 Et
439 3597 588 3691 quidem,
616 3599 644 3668 si
668 3599 753 3668 bene
780 3600 1037 3682 meminerimus,
1065 3621 1126 3692 per
1149 3599 1262 3669 literas
1286 3601 1474 3691 paternitati

283 3730 413 3796 restrae
440 3725 650 3794 transmissas
672 3726 776 3795 nostri
796 3745 996 3818 progressus
1016 3731 1050 3794 et
1068 3731 1173 3794 status
1193 3725 1416 3796 narrationem
1435 3749 1473 3797 eo

282 3875 388 3943 usque
412 3851 620 3934 deduximus,
641 3857 677 3920 ut
704 3849 787 3920 urbe
812 3851 974 3944 populosa
998 3857 1094 3943 capta
1118 3851 1277 3922 violenter
1303 3874 1322 3920 a
1346 3855 1472 3945 paucis,

279 3985 420 4069 tyranno
448 3977 564 4070 lingato
594 3999 633 4045 ac
662 3976 728 4047 filio
754 3975 871 4046 isachii
898 3975 1012 4047 Alexio
1039 3984 1216 4058 coronato,
1242 4000 1335 4047 mora
1363 3983 1473 4048 nostra

280 4103 443 4196 promissa
461 4102 549 4172 foret
568 4108 602 4172 et
616 4101 766 4174 ordinata
778 4124 840 4194 per
853 4101 1003 4184 hiemem,
1023 4109 1059 4176 ut
1073 4109 1226 4196 potenter
1240 4103 1472 4186 obruerentur,

281 4229 308 4298 si
338 4229 392 4319 qui
418 4229 576 4300 resistere
603 4229 791 4298 uiderentur
815 4227 947 4308 Alexi03
977 4235 1011 4298 et
1034 4252 1121 4299 nunc
1145 4229 1288 4298 breviter
1311 4231 1472 4300 narranda

281 4353 496 4448 suscipimus,
523 4377 607 4448 quae
626 4355 714 4424 circa
733 4378 794 4425 nos
812 4361 930 4450 postea
950 4357 1178 4448 contigerunt,
1199 4351 1232 4424 ta
1252 4353 1362 4448 [coi]
1379 4377 1471 4450 prae·
1547 4395 1548 4442 3

281 4483 409 4563 notato,
437 4481 543 4572 quod,
573 4481 659 4552 sieut
677 4503 744 4551 non
763 4505 865 4575 opera
883 4481 1048 4552 hominum
1066 4482 1179 4564 luere,
1204 4481 1264 4552 sed
1282 4481 1365 4565 Dei,
1391 4505 1469 4574 quae

282 4605 418 4675 Graecis
436 4606 613 4689 intulimus,
632 4608 677 4676 ita
691 4631 757 4677 non
771 4608 937 4678 hominum
952 4609 1173 4702 operatum,
1193 4608 1252 4690 sed
1267 4608 1468 4690 daemonum,
