<?xml version="1.0" encoding="UTF-8"?>
<!DOCTYPE html PUBLIC "-//W3C//DTD XHTML 1.0 Transitional//EN"
    "http://www.w3.org/TR/xhtml1/DTD/xhtml1-transitional.dtd">
<html xmlns="http://www.w3.org/1999/xhtml" xml:lang="en" lang="en">
 <head>
  <title>
</title>
<meta http-equiv="Content-Type" content="text/html;charset=utf-8" />
  <meta name='ocr-system' content='tesseract 3.04.00' />
  <meta name='ocr-capabilities' content='ocr_page ocr_carea ocr_par ocr_line ocrx_word'/>
</head>
<body>
  <div class='ocr_page' id='page_1' title='image "./fontesrerumaust07kommgoog_0210.png"; bbox 0 0 3110 5076; ppageno 0'>
   <div class='ocr_carea' id='block_1_1' title="bbox 503 359 1280 432">
    <p class='ocr_par' dir='ltr' id='par_1_1' title="bbox 503 359 1280 432">
     <span class='ocr_line' id='line_1_1' title="bbox 503 359 1280 432; baseline 0 -2"><span class='ocrx_word' id='word_1_1' title='bbox 503 377 541 430; x_wconf 70' lang='lat' dir='ltr'><em>on</em></span> <span class='ocrx_word' id='word_1_2' title='bbox 543 393 618 430; x_wconf 70' lang='grc' dir='ltr'>ιιιιι</span> <span class='ocrx_word' id='word_1_3' title='bbox 621 379 714 432; x_wconf 70' lang='lat' dir='ltr'><em>nunt</em></span> <span class='ocrx_word' id='word_1_4' title='bbox 717 393 812 432; x_wconf 60' lang='grc' dir='ltr'><strong>ιιιιιι</strong></span> <span class='ocrx_word' id='word_1_5' title='bbox 825 376 882 430; x_wconf 68' lang='lat' dir='ltr'><em>tor.</em></span> <span class='ocrx_word' id='word_1_6' title='bbox 1207 359 1280 430; x_wconf 82' lang='grc'><em>187</em></span> 
     </span>
    </p>
   </div>
   <div class='ocr_carea' id='block_1_2' title="bbox 92 545 1285 1659">
    <p class='ocr_par' dir='ltr' id='par_1_2' title="bbox 92 545 1285 1659">
     <span class='ocr_line' id='line_1_2' title="bbox 100 545 1283 640; baseline -0.004 -24"><span class='ocrx_word' id='word_1_7' title='bbox 100 545 203 640; x_wconf 77' lang='lat' dir='ltr'><em>bnjuue</em></span> <span class='ocrx_word' id='word_1_8' title='bbox 214 547 314 619; x_wconf 80' lang='lat' dir='ltr'><em>detur</em></span> <span class='ocrx_word' id='word_1_9' title='bbox 326 548 464 619; x_wconf 84' lang='lat' dir='ltr'><em>licentio</em></span> <span class='ocrx_word' id='word_1_10' title='bbox 481 555 514 618; x_wconf 86' lang='lat' dir='ltr'><em>et</em></span> <span class='ocrx_word' id='word_1_11' title='bbox 530 547 678 627; x_wconf 79' lang='lat' dir='ltr'><em>libertae.</em></span> <span class='ocrx_word' id='word_1_12' title='bbox 696 547 872 620; x_wconf 84' lang='lat' dir='ltr'><em>clementio</em></span> <span class='ocrx_word' id='word_1_13' title='bbox 885 554 1002 618; x_wconf 72' lang='lat' dir='ltr'><em>norbo</em></span> <span class='ocrx_word' id='word_1_14' title='bbox 1015 557 1048 618; x_wconf 87' lang='lat' dir='ltr'><em>et</em></span> <span class='ocrx_word' id='word_1_15' title='bbox 1063 545 1152 616; x_wconf 85' lang='lat' dir='ltr'><em>bunc</em></span> <span class='ocrx_word' id='word_1_16' title='bbox 1167 563 1283 613; x_wconf 76' lang='lat' dir='ltr'><em>conum</em></span> 
     </span>
     <span class='ocr_line' id='line_1_3' title="bbox 93 670 1282 772; baseline -0.005 -27"><span class='ocrx_word' id='word_1_17' title='bbox 93 678 298 770; x_wconf 74' lang='lat' dir='ltr'><strong><em>peticionem</em></strong></span> <span class='ocrx_word' id='word_1_18' title='bbox 323 673 533 770; x_wconf 74' lang='lat' dir='ltr'><em>adimplevit,</em></span> <span class='ocrx_word' id='word_1_19' title='bbox 561 685 594 746; x_wconf 88' lang='lat' dir='ltr'><em>et</em></span> <span class='ocrx_word' id='word_1_20' title='bbox 613 680 763 772; x_wconf 83' lang='lat' dir='ltr'><em>prem&#39;pit</em></span> <span class='ocrx_word' id='word_1_21' title='bbox 777 700 845 771; x_wconf 90' lang='lat' dir='ltr'><em>per</em></span> <span class='ocrx_word' id='word_1_22' title='bbox 864 697 1008 772; x_wconf 79' lang='lat' dir='ltr'><em>precene</em></span> <span class='ocrx_word' id='word_1_23' title='bbox 1034 670 1282 765; x_wconf 76' lang='lat' dir='ltr'><em>cbrpcobulum,</em></span> 
     </span>
     <span class='ocr_line' id='line_1_4' title="bbox 98 795 1282 900; baseline -0.004 -29"><span class='ocrx_word' id='word_1_24' title='bbox 98 810 136 872; x_wconf 92' lang='lat' dir='ltr'><em>ut</em></span> <span class='ocrx_word' id='word_1_25' title='bbox 151 801 270 874; x_wconf 79' lang='lat' dir='ltr'><em>nullon</em></span> <span class='ocrx_word' id='word_1_26' title='bbox 288 802 349 873; x_wconf 80' lang='lat' dir='ltr'><em>nub</em></span> <span class='ocrx_word' id='word_1_27' title='bbox 368 812 483 874; x_wconf 77' lang='lat' dir='ltr'><em>nortm</em></span> <span class='ocrx_word' id='word_1_28' title='bbox 499 805 684 898; x_wconf 75' lang='lat' dir='ltr'><em>majerum</em></span> <span class='ocrx_word' id='word_1_29' title='bbox 698 813 859 900; x_wconf 69' lang='lat' dir='ltr'><em>potestate</em></span> <span class='ocrx_word' id='word_1_30' title='bbox 873 803 1072 874; x_wconf 85' lang='lat' dir='ltr'><em>Romeorum</em></span> <span class='ocrx_word' id='word_1_31' title='bbox 1084 821 1159 868; x_wconf 89' lang='lat' dir='ltr'><em>cum</em></span> <span class='ocrx_word' id='word_1_32' title='bbox 1180 795 1282 868; x_wconf 86' lang='lat' dir='ltr'><em>Vene-</em></span> 
     </span>
     <span class='ocr_line' id='line_1_5' title="bbox 98 925 1284 1024; baseline -0.005 -23"><span class='ocrx_word' id='word_1_33' title='bbox 98 932 178 1001; x_wconf 76' lang='lat' dir='ltr'><em>ticie</em></span> <span class='ocrx_word' id='word_1_34' title='bbox 197 933 452 1024; x_wconf 81' lang='lat' dir='ltr'><em>nepocioucium</em></span> <span class='ocrx_word' id='word_1_35' title='bbox 470 934 507 1002; x_wconf 87' lang='lat' dir='ltr'><em>in</em></span> <span class='ocrx_word' id='word_1_36' title='bbox 527 933 680 1003; x_wconf 86' lang='lat' dir='ltr'><em>onmibnr</em></span> <span class='ocrx_word' id='word_1_37' title='bbox 690 931 854 1004; x_wconf 84' lang='lat' dir='ltr'><em>Romanic</em></span> <span class='ocrx_word' id='word_1_38' title='bbox 872 933 986 1010; x_wconf 68' lang='lat' dir='ltr'><em>terrim</em></span> <span class='ocrx_word' id='word_1_39' title='bbox 1005 937 1065 999; x_wconf 89' lang='lat' dir='ltr'><em>out</em></span> <span class='ocrx_word' id='word_1_40' title='bbox 1081 925 1213 1022; x_wconf 85' lang='lat' dir='ltr'><em>quondo</em></span> <span class='ocrx_word' id='word_1_41' title='bbox 1232 929 1284 996; x_wconf 86' lang='lat' dir='ltr'><em>cic</em></span> 
     </span>
     <span class='ocr_line' id='line_1_6' title="bbox 96 1053 1284 1155; baseline -0.003 -28"><span class='ocrx_word' id='word_1_42' title='bbox 96 1056 228 1140; x_wconf 85' lang='lat' dir='ltr'><em>rendit,</em></span> <span class='ocrx_word' id='word_1_43' title='bbox 247 1067 308 1129; x_wconf 88' lang='lat' dir='ltr'><em>ant</em></span> <span class='ocrx_word' id='word_1_44' title='bbox 324 1055 456 1154; x_wconf 81' lang='lat' dir='ltr'><em>quanio</em></span> <span class='ocrx_word' id='word_1_45' title='bbox 475 1059 516 1130; x_wconf 90' lang='lat' dir='ltr'><em>ab</em></span> <span class='ocrx_word' id='word_1_46' title='bbox 530 1059 644 1155; x_wconf 81' lang='lat' dir='ltr'><em>aliquo</em></span> <span class='ocrx_word' id='word_1_47' title='bbox 655 1083 772 1132; x_wconf 84' lang='lat' dir='ltr'><em>eorum</em></span> <span class='ocrx_word' id='word_1_48' title='bbox 784 1063 874 1144; x_wconf 66' lang='lat' dir='ltr'><em>nub,</em></span> <span class='ocrx_word' id='word_1_49' title='bbox 893 1057 950 1130; x_wconf 81' lang='lat' dir='ltr'><em>olet</em></span> <span class='ocrx_word' id='word_1_50' title='bbox 961 1053 1158 1128; x_wconf 75' lang='lat' dir='ltr'><em>commerlrii</em></span> <span class='ocrx_word' id='word_1_51' title='bbox 1169 1055 1284 1148; x_wconf 78' lang='lat' dir='ltr'><em>pratia</em></span> 
     </span>
     <span class='ocr_line' id='line_1_7' title="bbox 99 1183 1285 1280; baseline -0.004 -24"><span class='ocrx_word' id='word_1_52' title='bbox 99 1187 281 1280; x_wconf 71' lang='lat' dir='ltr'><em>quicqum</em></span> <span class='ocrx_word' id='word_1_53' title='bbox 308 1186 364 1256; x_wconf 87' lang='lat' dir='ltr'><em>rel</em></span> <span class='ocrx_word' id='word_1_54' title='bbox 393 1186 541 1280; x_wconf 79' lang='lat' dir='ltr'><em>alt&#39;cujno</em></span> <span class='ocrx_word' id='word_1_55' title='bbox 571 1185 661 1259; x_wconf 85' lang='lat' dir='ltr'><em>oliuo</em></span> <span class='ocrx_word' id='word_1_56' title='bbox 692 1189 904 1269; x_wconf 61' lang='lat' dir='ltr'><em>coactivum</em></span> <span class='ocrx_word' id='word_1_57' title='bbox 931 1183 994 1256; x_wconf 83' lang='lat' dir='ltr'><em>ced</em></span> <span class='ocrx_word' id='word_1_58' title='bbox 1018 1189 1224 1253; x_wconf 73' lang='lat' dir='ltr'><em>excercentur</em></span> <span class='ocrx_word' id='word_1_59' title='bbox 1251 1188 1285 1251; x_wconf 92' lang='lat' dir='ltr'><em>et</em></span> 
     </span>
     <span class='ocr_line' id='line_1_8' title="bbox 96 1305 1282 1407; baseline -0.003 -26"><span class='ocrx_word' id='word_1_60' title='bbox 96 1313 183 1405; x_wconf 83' lang='lat' dir='ltr'><em>ipri,</em></span> <span class='ocrx_word' id='word_1_61' title='bbox 212 1333 275 1382; x_wconf 86' lang='lat' dir='ltr'><em>ceu</em></span> <span class='ocrx_word' id='word_1_62' title='bbox 292 1309 361 1392; x_wconf 84' lang='lat' dir='ltr'><em>bii,</em></span> <span class='ocrx_word' id='word_1_63' title='bbox 387 1317 450 1407; x_wconf 84' lang='lat' dir='ltr'><em>poi</em></span> <span class='ocrx_word' id='word_1_64' title='bbox 468 1313 692 1384; x_wconf 88' lang='lat' dir='ltr'><em>commercbiu</em></span> <span class='ocrx_word' id='word_1_65' title='bbox 710 1313 867 1384; x_wconf 70' lang='lat' dir='ltr'><em>dantibus</em></span> <span class='ocrx_word' id='word_1_66' title='bbox 884 1315 1113 1404; x_wconf 82' lang='lat' dir='ltr'><em>nepociuntnr.</em></span> <span class='ocrx_word' id='word_1_67' title='bbox 1150 1305 1282 1379; x_wconf 82' lang='lat' dir='ltr'><em>Verum·</em></span> 
     </span>
     <span class='ocr_line' id='line_1_9' title="bbox 98 1436 1283 1535; baseline -0.003 -27"><span class='ocrx_word' id='word_1_68' title='bbox 98 1447 210 1508; x_wconf 81' lang='lat' dir='ltr'><em>tnrneu</em></span> <span class='ocrx_word' id='word_1_69' title='bbox 241 1449 275 1508; x_wconf 87' lang='lat' dir='ltr'><em>et</em></span> <span class='ocrx_word' id='word_1_70' title='bbox 306 1436 451 1510; x_wconf 74' lang='lat' dir='ltr'><em>Venetici</em></span> <span class='ocrx_word' id='word_1_71' title='bbox 475 1439 596 1511; x_wconf 87' lang='lat' dir='ltr'><em>debent</em></span> <span class='ocrx_word' id='word_1_72' title='bbox 619 1464 678 1522; x_wconf 86' lang='lat' dir='ltr'><em>ea,</em></span> <span class='ocrx_word' id='word_1_73' title='bbox 706 1463 770 1534; x_wconf 82' lang='lat' dir='ltr'><em>que</em></span> <span class='ocrx_word' id='word_1_74' title='bbox 791 1463 858 1535; x_wconf 90' lang='lat' dir='ltr'><em>per</em></span> <span class='ocrx_word' id='word_1_75' title='bbox 883 1439 1134 1510; x_wconf 84' lang='lat' dir='ltr'><em>conventionem</em></span> <span class='ocrx_word' id='word_1_76' title='bbox 1158 1438 1283 1528; x_wconf 86' lang='lat' dir='ltr'><em>ocripto</em></span> 
     </span>
     <span class='ocr_line' id='line_1_10' title="bbox 92 1559 1283 1659; baseline -0.003 -23"><span class='ocrx_word' id='word_1_77' title='bbox 92 1567 327 1659; x_wconf 80' lang='lat' dir='ltr'><em>peropenolum</em></span> <span class='ocrx_word' id='word_1_78' title='bbox 337 1591 360 1636; x_wconf 92' lang='lat' dir='ltr'><em>u</em></span> <span class='ocrx_word' id='word_1_79' title='bbox 373 1571 506 1640; x_wconf 70' lang='lat' dir='ltr'><em>nunbio</em></span> <span class='ocrx_word' id='word_1_80' title='bbox 518 1591 636 1638; x_wconf 90' lang='lat' dir='ltr'><em>eorum</em></span> <span class='ocrx_word' id='word_1_81' title='bbox 648 1568 822 1638; x_wconf 88' lang='lat' dir='ltr'><em>clementie</em></span> <span class='ocrx_word' id='word_1_82' title='bbox 834 1575 947 1638; x_wconf 84' lang='lat' dir='ltr'><em>nortre</em></span> <span class='ocrx_word' id='word_1_83' title='bbox 963 1574 1043 1636; x_wconf 87' lang='lat' dir='ltr'><em>cunt</em></span> <span class='ocrx_word' id='word_1_84' title='bbox 1051 1559 1283 1658; x_wconf 81' lang='lat' dir='ltr'><em>jurejurando</em></span> 
     </span>
    </p>
   </div>
   <div class='ocr_carea' id='block_1_3' title="bbox 93 1684 1286 1919">
    <p class='ocr_par' dir='ltr' id='par_1_3' title="bbox 3 1671 1286 1919">
     <span class='ocr_line' id='line_1_11' title="bbox 93 1684 1286 1789; baseline -0.006 -21.561"><span class='ocrx_word' id='word_1_85' title='bbox 93 1697 277 1789; x_wconf 73' lang='lat' dir='ltr'><em>promiorm</em></span> <span class='ocrx_word' id='word_1_86' title='bbox 296 1705 331 1766; x_wconf 84' lang='lat' dir='ltr'><em>et</em></span> <span class='ocrx_word' id='word_1_87' title='bbox 343 1697 444 1789; x_wconf 76' lang='lat' dir='ltr'><em>firmo</em></span> <span class='ocrx_word' id='word_1_88' title='bbox 462 1705 495 1766; x_wconf 90' lang='lat' dir='ltr'><em>et</em></span> <span class='ocrx_word' id='word_1_89' title='bbox 511 1696 724 1767; x_wconf 74' lang='lat' dir='ltr'><em>inviolabilia</em></span> <span class='ocrx_word' id='word_1_90' title='bbox 738 1696 926 1766; x_wconf 79' lang='lat' dir='ltr'><em>obeeroore.</em></span> <span class='ocrx_word' id='word_1_91' title='bbox 948 1691 1059 1788; x_wconf 88' lang='lat' dir='ltr'><em>Super</em></span> <span class='ocrx_word' id='word_1_92' title='bbox 1069 1691 1133 1761; x_wconf 90' lang='lat' dir='ltr'><em>boc</em></span> <span class='ocrx_word' id='word_1_93' title='bbox 1141 1684 1171 1781; x_wconf 88' lang='lat'><em>¹)</em></span> <span class='ocrx_word' id='word_1_94' title='bbox 1185 1697 1286 1761; x_wconf 75' lang='lat' dir='ltr'><em>erunt</em></span> 
     </span>
     <span class='ocr_line' id='line_1_12' title="bbox 96 1819 1283 1919; baseline -0.005 -24.509"><span class='ocrx_word' id='word_1_95' title='bbox 96 1823 166 1916; x_wconf 80' lang='lat' dir='ltr'><em>ipei</em></span> <span class='ocrx_word' id='word_1_96' title='bbox 180 1824 281 1916; x_wconf 78' lang='lat' dir='ltr'><em>jurio</em></span> <span class='ocrx_word' id='word_1_97' title='bbox 304 1823 375 1895; x_wconf 85' lang='lat' dir='ltr'><em>cibi</em></span> <span class='ocrx_word' id='word_1_98' title='bbox 390 1823 504 1894; x_wconf 85' lang='lat' dir='ltr'><em>colluti</em></span> <span class='ocrx_word' id='word_1_99' title='bbox 522 1848 587 1918; x_wconf 90' lang='lat' dir='ltr'><em>per</em></span> <span class='ocrx_word' id='word_1_100' title='bbox 607 1845 752 1919; x_wconf 79' lang='lat' dir='ltr'><em>precene</em></span> <span class='ocrx_word' id='word_1_101' title='bbox 770 1823 994 1916; x_wconf 62' lang='lat' dir='ltr'><em>crpcobnlm</em></span> <span class='ocrx_word' id='word_1_102' title='bbox 1021 1826 1098 1896; x_wconf 78' lang='lat' dir='ltr'><em>cine</em></span> <span class='ocrx_word' id='word_1_103' title='bbox 1116 1819 1283 1890; x_wconf 81' lang='lat' dir='ltr'><em>oblatione</em></span> 
     </span>
    </p>
   </div>
   <div class='ocr_carea' id='block_1_4' title="bbox 2 1946 1284 2172">
    <p class='ocr_par' dir='ltr' id='par_1_4' title="bbox 2 1946 1284 2172">
     <span class='ocr_line' id='line_1_13' title="bbox 3 1946 1282 2046; baseline -0.003 -25"><span class='ocrx_word' id='word_1_104' title='bbox 3 1969 4 2040; x_wconf 52' lang='grc' dir='ltr'>ζ</span> <span class='ocrx_word' id='word_1_105' title='bbox 100 1947 274 2032; x_wconf 64' lang='lat' dir='ltr'><em>manico,</em></span> <span class='ocrx_word' id='word_1_106' title='bbox 286 1973 354 2044; x_wconf 90' lang='lat' dir='ltr'><em>per</em></span> <span class='ocrx_word' id='word_1_107' title='bbox 367 1951 518 2022; x_wconf 81' lang='lat' dir='ltr'><em>reculam</em></span> <span class='ocrx_word' id='word_1_108' title='bbox 532 1975 628 2022; x_wconf 86' lang='lat' dir='ltr'><em>mnne</em></span> <span class='ocrx_word' id='word_1_109' title='bbox 643 1954 742 2046; x_wconf 73' lang='lat' dir='ltr'><em>timna</em></span> <span class='ocrx_word' id='word_1_110' title='bbox 760 1961 794 2022; x_wconf 88' lang='lat' dir='ltr'><em>et</em></span> <span class='ocrx_word' id='word_1_111' title='bbox 806 1950 998 2024; x_wconf 76' lang='lat' dir='ltr'><em>inviolabili</em></span> <span class='ocrx_word' id='word_1_112' title='bbox 1007 1957 1167 2045; x_wconf 67' lang='lat' dir='ltr'><em>praem</em></span> <span class='ocrx_word' id='word_1_113' title='bbox 1184 1946 1282 2038; x_wconf 78' lang='lat' dir='ltr'><em>obry-</em></span> 
     </span>
     <span class='ocr_line' id='line_1_14' title="bbox 2 2059 1284 2172; baseline -0.002 -26"><span class='ocrx_word' id='word_1_114' title='bbox 2 2059 3 2104; x_wconf 51' lang='lat' dir='ltr'><em>l</em></span> <span class='ocrx_word' id='word_1_115' title='bbox 99 2077 211 2147; x_wconf 82' lang='lat' dir='ltr'><em>cobolo</em></span> <span class='ocrx_word' id='word_1_116' title='bbox 236 2081 419 2159; x_wconf 67' lang='lat' dir='ltr'><em>emittente,</em></span> <span class='ocrx_word' id='word_1_117' title='bbox 440 2083 532 2172; x_wconf 81' lang='lat' dir='ltr'><em>facto</em></span> <span class='ocrx_word' id='word_1_118' title='bbox 556 2101 673 2150; x_wconf 78' lang='lat' dir='ltr'><em>menne</em></span> <span class='ocrx_word' id='word_1_119' title='bbox 691 2079 841 2169; x_wconf 79' lang='lat' dir='ltr'><em>Aupuoto</em></span> <span class='ocrx_word' id='word_1_120' title='bbox 867 2077 1065 2148; x_wconf 77' lang='lat' dir='ltr'><em>indictionio</em></span> <span class='ocrx_word' id='word_1_121' title='bbox 1083 2085 1203 2170; x_wconf 81' lang='lat' dir='ltr'><em>quarte</em></span> <span class='ocrx_word' id='word_1_122' title='bbox 1221 2095 1284 2144; x_wconf 81' lang='lat' dir='ltr'><em>rec</em></span> 
     </span>
    </p>
   </div>
   <div class='ocr_carea' id='block_1_5' title="bbox 98 2205 1286 2554">
    <p class='ocr_par' dir='ltr' id='par_1_5' title="bbox 98 2205 1286 2554">
     <span class='ocr_line' id='line_1_15' title="bbox 98 2205 1286 2300; baseline -0.006 -24"><span class='ocrx_word' id='word_1_123' title='bbox 98 2205 272 2276; x_wconf 81' lang='lat' dir='ltr'><em>millerimi</em></span> <span class='ocrx_word' id='word_1_124' title='bbox 302 2209 558 2277; x_wconf 82' lang='lat' dir='ltr'><em>cencentemimi</em></span> <span class='ocrx_word' id='word_1_125' title='bbox 586 2205 783 2298; x_wconf 79' lang='lat' dir='ltr'><em>(ttigcsimi)</em></span> <span class='ocrx_word' id='word_1_126' title='bbox 819 2207 936 2300; x_wconf 87' lang='lat' dir='ltr'><em>quarti</em></span> <span class='ocrx_word' id='word_1_127' title='bbox 960 2207 1063 2286; x_wconf 85' lang='lat' dir='ltr'><em>unni,</em></span> <span class='ocrx_word' id='word_1_128' title='bbox 1095 2206 1132 2273; x_wconf 87' lang='lat' dir='ltr'><em>in</em></span> <span class='ocrx_word' id='word_1_129' title='bbox 1160 2225 1224 2296; x_wconf 82' lang='lat' dir='ltr'><em>quo</em></span> <span class='ocrx_word' id='word_1_130' title='bbox 1252 2209 1286 2270; x_wconf 89' lang='lat' dir='ltr'><em>et</em></span> 
     </span>
     <span class='ocr_line' id='line_1_16' title="bbox 99 2330 1180 2428; baseline -0.002 -28"><span class='ocrx_word' id='word_1_131' title='bbox 99 2341 252 2402; x_wconf 74' lang='lat' dir='ltr'><em>nostrum</em></span> <span class='ocrx_word' id='word_1_132' title='bbox 266 2335 365 2428; x_wconf 90' lang='lat' dir='ltr'><em>pium</em></span> <span class='ocrx_word' id='word_1_133' title='bbox 385 2343 417 2404; x_wconf 86' lang='lat' dir='ltr'><em>et</em></span> <span class='ocrx_word' id='word_1_134' title='bbox 434 2359 456 2403; x_wconf 91' lang='lat' dir='ltr'><em>u</em></span> <span class='ocrx_word' id='word_1_135' title='bbox 475 2333 536 2404; x_wconf 84' lang='lat' dir='ltr'><em>deo</em></span> <span class='ocrx_word' id='word_1_136' title='bbox 550 2343 742 2428; x_wconf 88' lang='lat' dir='ltr'><em>promotum</em></span> <span class='ocrx_word' id='word_1_137' title='bbox 760 2333 972 2425; x_wconf 83' lang='lat' dir='ltr'><em>oubeipuuoit</em></span> <span class='ocrx_word' id='word_1_138' title='bbox 989 2330 1180 2426; x_wconf 83' lang='lat' dir='ltr'><em>Imperium.</em></span> 
     </span>
     <span class='ocr_line' id='line_1_17' title="bbox 187 2456 1286 2554; baseline -0.004 -26"><span class='ocrx_word' id='word_1_139' title='bbox 187 2457 261 2530; x_wconf 86' lang='lat' dir='ltr'><em>Hec</em></span> <span class='ocrx_word' id='word_1_140' title='bbox 284 2461 392 2554; x_wconf 82' lang='lat' dir='ltr'><em>ipitur</em></span> <span class='ocrx_word' id='word_1_141' title='bbox 415 2469 508 2540; x_wconf 85' lang='lat' dir='ltr'><em>cunt,</em></span> <span class='ocrx_word' id='word_1_142' title='bbox 535 2483 600 2554; x_wconf 83' lang='lat' dir='ltr'><em>que</em></span> <span class='ocrx_word' id='word_1_143' title='bbox 624 2469 825 2554; x_wconf 88' lang='lat' dir='ltr'><em>nperpetue</em></span> <span class='ocrx_word' id='word_1_144' title='bbox 849 2463 1009 2530; x_wconf 73' lang='lat' dir='ltr'><em>anemoria</em></span> <span class='ocrx_word' id='word_1_145' title='bbox 1033 2456 1236 2554; x_wconf 81' lang='lat' dir='ltr'><em>Imperatore</em></span> <span class='ocrx_word' id='word_1_146' title='bbox 1253 2463 1286 2525; x_wconf 93' lang='lat' dir='ltr'><em>et</em></span> 
     </span>
    </p>
   </div>
   <div class='ocr_carea' id='block_1_6' title="bbox 99 2583 1284 2682">
    <p class='ocr_par' dir='ltr' id='par_1_6' title="bbox 0 2583 1284 2691">
     <span class='ocr_line' id='line_1_18' title="bbox 99 2583 1284 2682; baseline -0.001 -27.077"><span class='ocrx_word' id='word_1_147' title='bbox 99 2607 161 2654; x_wconf 87' lang='lat' dir='ltr'><em>aco</em></span> <span class='ocrx_word' id='word_1_148' title='bbox 187 2584 332 2681; x_wconf 85' lang='lat' dir='ltr'><em>Imperii</em></span> <span class='ocrx_word' id='word_1_149' title='bbox 354 2591 466 2659; x_wconf 83' lang='lat' dir='ltr'><em>nootri</em></span> <span class='ocrx_word' id='word_1_150' title='bbox 490 2597 523 2658; x_wconf 89' lang='lat' dir='ltr'><em>et</em></span> <span class='ocrx_word' id='word_1_151' title='bbox 545 2597 596 2658; x_wconf 88' lang='lat' dir='ltr'><em>ter</em></span> <span class='ocrx_word' id='word_1_152' title='bbox 621 2587 714 2658; x_wconf 90' lang='lat' dir='ltr'><em>beato</em></span> <span class='ocrx_word' id='word_1_153' title='bbox 742 2586 944 2682; x_wconf 84' lang='lat' dir='ltr'><em>Imperatore</em></span> <span class='ocrx_word' id='word_1_154' title='bbox 969 2583 1104 2656; x_wconf 83' lang='lat' dir='ltr'><em>domino</em></span> <span class='ocrx_word' id='word_1_155' title='bbox 1130 2593 1163 2654; x_wconf 89' lang='lat' dir='ltr'><em>et</em></span> <span class='ocrx_word' id='word_1_156' title='bbox 1182 2592 1284 2679; x_wconf 86' lang='lat' dir='ltr'><em>putre</em></span> 
     </span>
    </p>
   </div>
   <div class='ocr_carea' id='block_1_7' title="bbox 99 2711 1284 2809">
    <p class='ocr_par' dir='ltr' id='par_1_7' title="bbox 99 2711 1284 2809">
     <span class='ocr_line' id='line_1_19' title="bbox 99 2711 1284 2809; baseline 0.001 -27"><span class='ocrx_word' id='word_1_157' title='bbox 99 2712 315 2784; x_wconf 64' lang='lat' dir='ltr'><em>celonndioic</em></span> <span class='ocrx_word' id='word_1_158' title='bbox 340 2723 454 2786; x_wconf 82' lang='lat' dir='ltr'><em>noctre</em></span> <span class='ocrx_word' id='word_1_159' title='bbox 484 2715 695 2808; x_wconf 67' lang='lat' dir='ltr'><em>portumnus</em></span> <span class='ocrx_word' id='word_1_160' title='bbox 720 2713 864 2809; x_wconf 88' lang='lat' dir='ltr'><em>Imperio</em></span> <span class='ocrx_word' id='word_1_161' title='bbox 889 2724 1003 2784; x_wconf 81' lang='lat' dir='ltr'><em>noetro</em></span> <span class='ocrx_word' id='word_1_162' title='bbox 1033 2711 1194 2784; x_wconf 82' lang='lat' dir='ltr'><em>Veneticic</em></span> <span class='ocrx_word' id='word_1_163' title='bbox 1218 2735 1284 2807; x_wconf 92' lang='lat' dir='ltr'><em>per</em></span> 
     </span>
    </p>
   </div>
   <div class='ocr_carea' id='block_1_8' title="bbox 0 2839 1287 3064">
    <p class='ocr_par' dir='ltr' id='par_1_8' title="bbox 0 2839 1287 3064">
     <span class='ocr_line' id='line_1_20' title="bbox 0 2839 1287 2937; baseline -0.001 -27"><span class='ocrx_word' id='word_1_164' title='bbox 0 2848 1 2937; x_wconf 72' lang='lat'><em>}</em></span> <span class='ocrx_word' id='word_1_165' title='bbox 99 2840 302 2932; x_wconf 76' lang='lat' dir='ltr'><em>cbrpcobnla</em></span> <span class='ocrx_word' id='word_1_166' title='bbox 334 2841 471 2912; x_wconf 67' lang='lat' dir='ltr'><em>ilerum</em></span> <span class='ocrx_word' id='word_1_167' title='bbox 502 2843 622 2914; x_wconf 85' lang='lat' dir='ltr'><em>collatu</em></span> <span class='ocrx_word' id='word_1_168' title='bbox 653 2851 752 2926; x_wconf 86' lang='lat' dir='ltr'><em>onnt;</em></span> <span class='ocrx_word' id='word_1_169' title='bbox 779 2865 852 2936; x_wconf 85' lang='lat' dir='ltr'><em>¹qne</em></span> <span class='ocrx_word' id='word_1_170' title='bbox 884 2845 984 2914; x_wconf 88' lang='lat' dir='ltr'><em>etium</em></span> <span class='ocrx_word' id='word_1_171' title='bbox 1020 2839 1222 2932; x_wconf 75' lang='lat' dir='ltr'><em>cbrycobnlo</em></span> <span class='ocrx_word' id='word_1_172' title='bbox 1254 2847 1287 2909; x_wconf 87' lang='lat' dir='ltr'><em>et</em></span> 
     </span>
     <span class='ocr_line' id='line_1_21' title="bbox 0 2966 1285 3064; baseline -0.001 -28"><span class='ocrx_word' id='word_1_173' title='bbox 0 3016 1 3047; x_wconf 39' lang='lat' dir='ltr'><em>t</em></span> <span class='ocrx_word' id='word_1_174' title='bbox 98 2975 251 3037; x_wconf 70' lang='lat' dir='ltr'><em>nostrum</em></span> <span class='ocrx_word' id='word_1_175' title='bbox 268 2969 368 3062; x_wconf 90' lang='lat' dir='ltr'><em>pium</em></span> <span class='ocrx_word' id='word_1_176' title='bbox 393 2967 574 3063; x_wconf 87' lang='lat' dir='ltr'><em>lrnperium</em></span> <span class='ocrx_word' id='word_1_177' title='bbox 599 2969 794 3039; x_wconf 89' lang='lat' dir='ltr'><em>corroborat</em></span> <span class='ocrx_word' id='word_1_178' title='bbox 816 2993 881 3064; x_wconf 90' lang='lat' dir='ltr'><em>per</em></span> <span class='ocrx_word' id='word_1_179' title='bbox 900 2991 1043 3062; x_wconf 77' lang='lat' dir='ltr'><em>precene</em></span> <span class='ocrx_word' id='word_1_180' title='bbox 1067 2966 1285 3046; x_wconf 74' lang='lat' dir='ltr'><em>critobulum</em></span> 
     </span>
    </p>
   </div>
   <div class='ocr_carea' id='block_1_9' title="bbox 96 3093 1398 3953">
    <p class='ocr_par' dir='ltr' id='par_1_9' title="bbox 98 3093 1289 3698">
     <span class='ocr_line' id='line_1_22' title="bbox 98 3093 1289 3191; baseline 0.001 -28"><span class='ocrx_word' id='word_1_181' title='bbox 98 3103 129 3163; x_wconf 92' lang='lat' dir='ltr'><em>et</em></span> <span class='ocrx_word' id='word_1_182' title='bbox 141 3093 246 3187; x_wconf 86' lang='lat' dir='ltr'><em>jubet</em></span> <span class='ocrx_word' id='word_1_183' title='bbox 267 3095 420 3191; x_wconf 77' lang='lat' dir='ltr'><em>effectum</em></span> <span class='ocrx_word' id='word_1_184' title='bbox 445 3119 485 3166; x_wconf 91' lang='lat' dir='ltr'><em>eo</em></span> <span class='ocrx_word' id='word_1_185' title='bbox 509 3096 650 3177; x_wconf 86' lang='lat' dir='ltr'><em>babere,</em></span> <span class='ocrx_word' id='word_1_186' title='bbox 679 3096 865 3166; x_wconf 73' lang='lat' dir='ltr'><em>recondam</em></span> <span class='ocrx_word' id='word_1_187' title='bbox 889 3095 980 3190; x_wconf 84' lang='lat' dir='ltr'><em>qnod</em></span> <span class='ocrx_word' id='word_1_188' title='bbox 1005 3117 1082 3164; x_wconf 91' lang='lat' dir='ltr'><em>enm</em></span> <span class='ocrx_word' id='word_1_189' title='bbox 1110 3117 1215 3189; x_wconf 82' lang='lat' dir='ltr'><em>noque</em></span> <span class='ocrx_word' id='word_1_190' title='bbox 1242 3093 1289 3164; x_wconf 86' lang='lat' dir='ltr'><em>ad</em></span> 
     </span>
     <span class='ocr_line' id='line_1_23' title="bbox 99 3221 1286 3319; baseline 0.002 -29"><span class='ocrx_word' id='word_1_191' title='bbox 99 3225 335 3315; x_wconf 80' lang='lat' dir='ltr'><em>miprutionem</em></span> <span class='ocrx_word' id='word_1_192' title='bbox 353 3221 588 3294; x_wconf 79' lang='lat' dir='ltr'><em>abdominum</em></span> <span class='ocrx_word' id='word_1_193' title='bbox 606 3229 697 3296; x_wconf 85' lang='lat' dir='ltr'><em>inter</em></span> <span class='ocrx_word' id='word_1_194' title='bbox 714 3223 934 3319; x_wconf 83' lang='lat' dir='ltr'><em>Imperatorcc</em></span> <span class='ocrx_word' id='word_1_195' title='bbox 946 3230 1109 3318; x_wconf 80' lang='lat' dir='ltr'><em>perpetue</em></span> <span class='ocrx_word' id='word_1_196' title='bbox 1127 3224 1286 3292; x_wconf 88' lang='lat' dir='ltr'><em>memorie</em></span> 
     </span>
     <span class='ocr_line' id='line_1_24' title="bbox 99 3347 1288 3445; baseline 0.003 -28"><span class='ocrx_word' id='word_1_197' title='bbox 99 3355 147 3417; x_wconf 89' lang='lat' dir='ltr'><em>ter</em></span> <span class='ocrx_word' id='word_1_198' title='bbox 161 3349 255 3420; x_wconf 84' lang='lat' dir='ltr'><em>beati</em></span> <span class='ocrx_word' id='word_1_199' title='bbox 266 3347 397 3421; x_wconf 87' lang='lat' dir='ltr'><em>domini</em></span> <span class='ocrx_word' id='word_1_200' title='bbox 409 3359 441 3420; x_wconf 88' lang='lat' dir='ltr'><em>et</em></span> <span class='ocrx_word' id='word_1_201' title='bbox 451 3353 564 3445; x_wconf 85' lang='lat' dir='ltr'><em>patrio</em></span> <span class='ocrx_word' id='word_1_202' title='bbox 579 3359 694 3422; x_wconf 81' lang='lat' dir='ltr'><em>noetre</em></span> <span class='ocrx_word' id='word_1_203' title='bbox 708 3351 924 3422; x_wconf 80' lang='lat' dir='ltr'><em>nublimitotin</em></span> <span class='ocrx_word' id='word_1_204' title='bbox 938 3349 1112 3420; x_wconf 89' lang='lat' dir='ltr'><em>bubebant.</em></span> <span class='ocrx_word' id='word_1_205' title='bbox 1141 3347 1288 3420; x_wconf 85' lang='lat' dir='ltr'><em>Venetici</em></span> 
     </span>
     <span class='ocr_line' id='line_1_25' title="bbox 99 3475 1289 3573; baseline 0 -27"><span class='ocrx_word' id='word_1_206' title='bbox 99 3485 208 3546; x_wconf 87' lang='lat' dir='ltr'><em>cutem</em></span> <span class='ocrx_word' id='word_1_207' title='bbox 234 3477 336 3547; x_wconf 82' lang='lat' dir='ltr'><em>colito</em></span> <span class='ocrx_word' id='word_1_208' title='bbox 360 3477 431 3550; x_wconf 80' lang='lat' dir='ltr'><em>cibi</em></span> <span class='ocrx_word' id='word_1_209' title='bbox 452 3487 664 3548; x_wconf 69' lang='lat' dir='ltr'><em>incramenta</em></span> <span class='ocrx_word' id='word_1_210' title='bbox 686 3483 852 3573; x_wconf 81' lang='lat' dir='ltr'><em>facientec</em></span> <span class='ocrx_word' id='word_1_211' title='bbox 879 3477 1103 3548; x_wconf 87' lang='lat' dir='ltr'><em>obeeroabunt</em></span> <span class='ocrx_word' id='word_1_212' title='bbox 1124 3475 1226 3570; x_wconf 78' lang='lat' dir='ltr'><em>fidem</em></span> <span class='ocrx_word' id='word_1_213' title='bbox 1254 3485 1289 3546; x_wconf 88' lang='lat' dir='ltr'><em>et</em></span> 
     </span>
     <span class='ocr_line' id='line_1_26' title="bbox 99 3603 1288 3698; baseline -0.001 -24"><span class='ocrx_word' id='word_1_214' title='bbox 99 3607 311 3683; x_wconf 70' lang='lat' dir='ltr'><em>mitutern,</em></span> <span class='ocrx_word' id='word_1_215' title='bbox 340 3627 440 3698; x_wconf 85' lang='lat' dir='ltr'><em>quum</em></span> <span class='ocrx_word' id='word_1_216' title='bbox 463 3617 577 3674; x_wconf 82' lang='lat' dir='ltr'><em>noctre</em></span> <span class='ocrx_word' id='word_1_217' title='bbox 595 3603 790 3676; x_wconf 84' lang='lat' dir='ltr'><em>celoitudini</em></span> <span class='ocrx_word' id='word_1_218' title='bbox 808 3603 927 3674; x_wconf 84' lang='lat' dir='ltr'><em>debent</em></span> <span class='ocrx_word' id='word_1_219' title='bbox 943 3613 977 3674; x_wconf 90' lang='lat' dir='ltr'><em>et</em></span> <span class='ocrx_word' id='word_1_220' title='bbox 993 3603 1175 3684; x_wconf 87' lang='lat' dir='ltr'><em>llomonie,</em></span> <span class='ocrx_word' id='word_1_221' title='bbox 1199 3606 1288 3696; x_wconf 77' lang='lat' dir='ltr'><em>iptio</em></span> 
     </span>
    </p>

    <p class='ocr_par' dir='ltr' id='par_1_10' title="bbox 96 3709 1398 3953">
     <span class='ocr_line' id='line_1_27' title="bbox 100 3709 1398 3826; baseline 0 -24"><span class='ocrx_word' id='word_1_222' title='bbox 100 3733 257 3826; x_wconf 81' lang='lat' dir='ltr'><em>operibor</em></span> <span class='ocrx_word' id='word_1_223' title='bbox 279 3755 407 3826; x_wconf 88' lang='lat' dir='ltr'><em>purum</em></span> <span class='ocrx_word' id='word_1_224' title='bbox 435 3743 468 3804; x_wconf 89' lang='lat' dir='ltr'><em>et</em></span> <span class='ocrx_word' id='word_1_225' title='bbox 493 3757 573 3804; x_wconf 91' lang='lat' dir='ltr'><em>oere</em></span> <span class='ocrx_word' id='word_1_226' title='bbox 600 3743 735 3804; x_wconf 88' lang='lat' dir='ltr'><em>rectum.</em></span> <span class='ocrx_word' id='word_1_227' title='bbox 768 3734 932 3817; x_wconf 82' lang='lat' dir='ltr'><em>Quoniam</em></span> <span class='ocrx_word' id='word_1_228' title='bbox 959 3755 1052 3811; x_wconf 89' lang='lat' dir='ltr'><em>oero,</em></span> <span class='ocrx_word' id='word_1_229' title='bbox 1082 3741 1120 3803; x_wconf 88' lang='lat' dir='ltr'><em>ut</em></span> <span class='ocrx_word' id='word_1_230' title='bbox 1145 3732 1287 3804; x_wconf 86' lang='lat' dir='ltr'><em>relatum</em></span> <span class='ocrx_word' id='word_1_231' title='bbox 1395 3709 1398 3718; x_wconf 68' lang='lat'>‚</span> 
     </span>
     <span class='ocr_line' id='line_1_28' title="bbox 96 3859 1288 3953; baseline 0 -23"><span class='ocrx_word' id='word_1_232' title='bbox 96 3862 163 3953; x_wconf 79' lang='lat' dir='ltr'><em>fuit</em></span> <span class='ocrx_word' id='word_1_233' title='bbox 185 3859 363 3930; x_wconf 78' lang='lat' dir='ltr'><em>clementie</em></span> <span class='ocrx_word' id='word_1_234' title='bbox 390 3869 505 3930; x_wconf 85' lang='lat' dir='ltr'><em>noctre</em></span> <span class='ocrx_word' id='word_1_235' title='bbox 528 3885 549 3930; x_wconf 91' lang='lat' dir='ltr'><em>u</em></span> <span class='ocrx_word' id='word_1_236' title='bbox 575 3865 707 3932; x_wconf 79' lang='lat' dir='ltr'><em>nuntic&#39;o</em></span> <span class='ocrx_word' id='word_1_237' title='bbox 740 3859 970 3930; x_wconf 87' lang='lat' dir='ltr'><em>Veneticorum</em></span> <span class='ocrx_word' id='word_1_238' title='bbox 995 3863 1033 3929; x_wconf 89' lang='lat' dir='ltr'><em>in</em></span> <span class='ocrx_word' id='word_1_239' title='bbox 1056 3883 1179 3953; x_wconf 82' lang='lat' dir='ltr'><em>mopna</em></span> <span class='ocrx_word' id='word_1_240' title='bbox 1203 3861 1288 3930; x_wconf 90' lang='lat' dir='ltr'><em>urbe</em></span> 
     </span>
    </p>
   </div>
   <div class='ocr_carea' id='block_1_10' title="bbox 1 3987 1287 4083">
    <p class='ocr_par' dir='ltr' id='par_1_11' title="bbox 1 3987 1287 4083">
     <span class='ocr_line' id='line_1_29' title="bbox 1 3987 1287 4083; baseline 0.005 -30"><span class='ocrx_word' id='word_1_241' title='bbox 1 3987 2 4038; x_wconf 57' lang='lat' dir='ltr'><em>i</em></span> <span class='ocrx_word' id='word_1_242' title='bbox 95 3988 328 4080; x_wconf 72' lang='lat' dir='ltr'><em>presentibus,</em></span> <span class='ocrx_word' id='word_1_243' title='bbox 348 3991 561 4082; x_wconf 83' lang='lat' dir='ltr'><em>impetrauere</em></span> <span class='ocrx_word' id='word_1_244' title='bbox 586 3987 737 4060; x_wconf 77' lang='lat' dir='ltr'><em>Venetici</em></span> <span class='ocrx_word' id='word_1_245' title='bbox 746 3996 943 4083; x_wconf 87' lang='lat' dir='ltr'><em>preceptum</em></span> <span class='ocrx_word' id='word_1_246' title='bbox 961 3987 1096 4083; x_wconf 84' lang='lat' dir='ltr'><em>quidem</em></span> <span class='ocrx_word' id='word_1_247' title='bbox 1114 3991 1205 4058; x_wconf 85' lang='lat' dir='ltr'><em>inter</em></span> <span class='ocrx_word' id='word_1_248' title='bbox 1223 3987 1287 4059; x_wconf 92' lang='lat' dir='ltr'><em>lm·</em></span> 
     </span>
    </p>
   </div>
   <div class='ocr_carea' id='block_1_11' title="bbox 96 4115 1290 4212">
    <p class='ocr_par' dir='ltr' id='par_1_12' title="bbox 96 4115 1290 4212">
     <span class='ocr_line' id='line_1_30' title="bbox 96 4115 1290 4212; baseline 0.003 -27"><span class='ocrx_word' id='word_1_249' title='bbox 96 4125 272 4207; x_wconf 85' lang='lat' dir='ltr'><em>peratoree</em></span> <span class='ocrx_word' id='word_1_250' title='bbox 299 4138 432 4210; x_wconf 84' lang='lat' dir='ltr'><em>comper</em></span> <span class='ocrx_word' id='word_1_251' title='bbox 462 4115 673 4187; x_wconf 83' lang='lat' dir='ltr'><em>memorandi</em></span> <span class='ocrx_word' id='word_1_252' title='bbox 700 4115 937 4210; x_wconf 79' lang='lat' dir='ltr'><em>Imperatorio,</em></span> <span class='ocrx_word' id='word_1_253' title='bbox 965 4116 1096 4188; x_wconf 85' lang='lat' dir='ltr'><em>domini</em></span> <span class='ocrx_word' id='word_1_254' title='bbox 1122 4127 1155 4188; x_wconf 90' lang='lat' dir='ltr'><em>et</em></span> <span class='ocrx_word' id='word_1_255' title='bbox 1174 4121 1290 4212; x_wconf 87' lang='lat' dir='ltr'><em>patrio</em></span> 
     </span>
    </p>
   </div>
   <div class='ocr_carea' id='block_1_12' title="bbox 0 4238 1293 4470">
    <p class='ocr_par' dir='ltr' id='par_1_13' title="bbox 0 4238 1293 4470">
     <span class='ocr_line' id='line_1_31' title="bbox 0 4238 1291 4338; baseline 0.006 -30"><span class='ocrx_word' id='word_1_256' title='bbox 0 4258 1 4331; x_wconf 74' lang='lat' dir='ltr'>j</span> <span class='ocrx_word' id='word_1_257' title='bbox 100 4238 239 4336; x_wconf 84' lang='lat' dir='ltr'><em>Imperii</em></span> <span class='ocrx_word' id='word_1_258' title='bbox 263 4245 392 4325; x_wconf 71' lang='lat' dir='ltr'><em>nostri,</em></span> <span class='ocrx_word' id='word_1_259' title='bbox 417 4243 594 4312; x_wconf 88' lang='lat' dir='ltr'><em>licenciam</em></span> <span class='ocrx_word' id='word_1_260' title='bbox 621 4246 706 4336; x_wconf 72' lang='lat' dir='ltr'><em>optio</em></span> <span class='ocrx_word' id='word_1_261' title='bbox 731 4243 882 4335; x_wconf 83' lang='lat' dir='ltr'><em>larpienc</em></span> <span class='ocrx_word' id='word_1_262' title='bbox 905 4247 982 4314; x_wconf 81' lang='lat' dir='ltr'><em>eine</em></span> <span class='ocrx_word' id='word_1_263' title='bbox 1000 4242 1233 4338; x_wconf 85' lang='lat' dir='ltr'><em>probibitionc</em></span> <span class='ocrx_word' id='word_1_264' title='bbox 1258 4261 1291 4317; x_wconf 85' lang='lat' dir='ltr'><em>et</em></span> 
     </span>
     <span class='ocr_line' id='line_1_32' title="bbox 90 4366 1293 4470; baseline 0.002 -28"><span class='ocrx_word' id='word_1_265' title='bbox 90 4389 158 4459; x_wconf 77' lang='lat' dir='ltr'><em>‚per</em></span> <span class='ocrx_word' id='word_1_266' title='bbox 174 4369 308 4438; x_wconf 81' lang='lat' dir='ltr'><em>incolae</em></span> <span class='ocrx_word' id='word_1_267' title='bbox 326 4366 545 4461; x_wconf 64' lang='lat' dir='ltr'><em>numerandi,</em></span> <span class='ocrx_word' id='word_1_268' title='bbox 573 4366 731 4440; x_wconf 85' lang='lat' dir='ltr'><em>videlicet</em></span> <span class='ocrx_word' id='word_1_269' title='bbox 749 4368 887 4465; x_wconf 75' lang='lat' dir='ltr'><em>bbprum</em></span> <span class='ocrx_word' id='word_1_270' title='bbox 906 4379 940 4441; x_wconf 87' lang='lat' dir='ltr'><em>et</em></span> <span class='ocrx_word' id='word_1_271' title='bbox 959 4370 1103 4453; x_wconf 87' lang='lat' dir='ltr'><em>Cretam,</em></span> <span class='ocrx_word' id='word_1_272' title='bbox 1118 4395 1185 4470; x_wconf 91' lang='lat' dir='ltr'><em>per</em></span> <span class='ocrx_word' id='word_1_273' title='bbox 1202 4372 1293 4470; x_wconf 83' lang='lat' dir='ltr'><em>qnod</em></span> 
     </span>
    </p>
   </div>
   <div class='ocr_carea' id='block_1_13' title="bbox 0 4578 495 4665">
    <p class='ocr_par' dir='ltr' id='par_1_14' title="bbox 0 4578 495 4665">
     <span class='ocr_line' id='line_1_33' title="bbox 0 4578 495 4665; baseline -0.002 -14"><span class='ocrx_word' id='word_1_274' title='bbox 0 4578 1 4585; x_wconf 68' lang='lat'><em>&#39;</em></span> <span class='ocrx_word' id='word_1_275' title='bbox 127 4593 495 4665; x_wconf 70' lang='lat' dir='ltr'><em>¹Js1mnneruoeue.</em></span> 
     </span>
    </p>
   </div>
   <div class='ocr_carea' id='block_1_14' title="bbox 0 0 1564 5076">
    <p class='ocr_par' dir='ltr' id='par_1_15' title="bbox 0 0 1564 5076">
     <span class='ocr_line' id='line_1_34' title="bbox 0 0 1564 5076; baseline 0 0"><span class='ocrx_word' id='word_1_276' title='bbox 0 0 1564 5076; x_wconf 95' lang='lat' dir='ltr'><em> </em></span> 
     </span>
    </p>
   </div>
  </div>
 </body>
</html>
