3110 5080
356 369 450 423 innoc.
464 367 864 427 lllarrsr.annr1so.8nnss.
878 387 940 428 nnc.
1156 361 1232 435 435
1285 379 1287 387 ’

60 539 188 610 Terrae
202 546 334 610 sanctae
352 541 546 634 propensius
564 541 754 635 aspiramus,
773 565 815 612 ne
833 566 1007 614 succursus
1027 545 1098 636 ejus
1118 543 1235 615 dilatus

57 667 217 736 hactenus
241 667 360 736 diutius
387 666 566 750 differatur,
590 689 757 738 monemus
782 670 1022 742 uniuersitatem
1041 675 1181 740 vestram
1200 674 1234 740 et

57 790 267 864 exhortamur
284 795 315 864 in
335 792 483 877 Domino,
509 798 543 864 et
566 815 627 888 per
651 794 831 888 apostolica
851 795 942 866 vobis
962 798 1081 890 scripta
1100 797 1234 868 manda-

55 943 150 1003 mns,
185 927 341 1012 quatenns
373 921 572 992 reconciliati
607 921 848 993 ecclesiasticae
881 924 994 994 uoluti
1025 931 1234 1016 peccatorum

56 1054 244 1118 nestrorum
260 1048 400 1118 maculas
418 1049 637 1143 poenitentiae
655 1047 803 1143 lacrymis
822 1051 968 1143 expietis,
987 1057 1023 1122 ut
1037 1073 1055 1122 a
1070 1053 1237 1123 criminum

53 1173 130 1244 labe
166 1175 297 1267 purgati
333 1175 453 1245 bellum
491 1175 617 1245 Domini
653 1176 787 1270 possitis
819 1177 910 1269 juxta
949 1178 1087 1271 primum
1119 1180 1236 1250 mentis

58 1307 188 1371 nestrae
213 1303 415 1396 propositum
440 1301 471 1371 in
495 1303 635 1396 puritate
663 1301 772 1372 cordis
796 1309 831 1373 et
856 1305 1006 1397 corporis
1030 1305 1234 1377 laudabiliter

3 1443 5 1460 ²
59 1428 226 1522 praeliari.

146 1555 199 1628 Ad
216 1557 499 1650 recuperationem
520 1555 621 1648 igitur
635 1554 757 1626 Terrae
776 1562 908 1628 sanctae
926 1558 1005 1628 totis
1020 1557 1139 1628 viribus
1155 1558 1235 1628 insi-

58 1683 172 1764 statis;
201 1683 351 1776 quoniam
369 1682 402 1752 id
421 1683 482 1754 erit
500 1681 591 1752 nobis
610 1683 827 1774 potissimum,
854 1691 888 1752 et
906 1683 991 1776 apud
1009 1683 1112 1754 Deum
1131 1687 1230 1755 meri-

57 1809 197 1890 torinm,
229 1817 262 1878 et
290 1808 373 1902 apud
401 1807 546 1878 homines
574 1805 762 1901 gloriosum.
802 1807 871 1878 Nos
900 1815 1023 1892 autem,
1057 1810 1145 1901 quod
1172 1811 1231 1904 ipsi
1365 1891 1367 1894 ,

60 1933 187 2004 Terrae
204 1933 373 2005 viderimus
386 1934 547 2028 expedire,
563 1933 773 2018 studebimus,
789 1933 885 2004 dante
895 1933 1044 2017 Domino,
1060 1935 1234 2008 efficaciter

63 2081 256 2155 procurare.

151 2186 268 2257 Datum
288 2184 446 2268 Antoniae,
467 2207 550 2256 anno
569 2191 673 2256 sexto·

595 2365 703 2436 CXIV.

234 2506 421 2571 innocentius
437 2505 478 2568 lll
494 2507 643 2588 ltptschs
660 2505 862 2570 suessionensi
878 2511 909 2568 et
924 2505 1071 2571 trecensi.

299 2627 401 2700 (linoln
415 2627 449 2685 to
461 2625 616 2686 theristaoo
630 2627 658 2685 et
671 2625 788 2685 tamaro
801 2625 834 2685 ds
847 2625 992 2698 incaelo.)

3 2821 5 2824 ,
132 2759 182 2822 Dc
197 2757 303 2823 eodem
318 2765 498 2846 ornamento
514 2777 553 2822 ac
568 2757 601 2819 in
617 2755 760 2842 Epistola
779 2754 1001 2842 (antecedenti)
1021 2755 1158 2823 CCXXX.

543 2898 572 2951 a.
588 2897 613 2950 a.
626 2898 696 2951 laos
706 2895 761 2968 (a).

151 3027 275 3090 lnnoc.
293 3026 331 3090 lll
355 3025 444 3108 epist.
467 3023 517 3087 lib.
535 3023 590 3096 Vl,
615 3043 663 3107 ep.
688 3021 828 3087 ccxxxi
853 3025 899 3089 ed.
922 3025 1140 3110 brequigny
1156 3027 1192 3090 Τ.
1209 3027 1235 3105 l,

3 3193 4 3216 ᾖ
63 3155 132 3220 pag.
149 3133 226 3201 428.
249 3134 426 3222 Raynald.
444 3133 464 3197 l.
480 3132 500 3196 l.
519 3135 552 3219 ξ.
571 3131 601 3198 4.

3 3347 4 3352 1
153 3267 202 3338 lle
220 3269 335 3338 mentis
353 3274 483 3337 vestrae
502 3266 690 3335 sinceritate
709 3264 821 3334 confisi
842 3270 874 3334 et
893 3264 1074 3336 devotionis
1093 3269 1233 3359 puritate

3 3461 5 3478 ζ
66 3400 238 3488 sperantes
265 3417 327 3488 pro
353 3399 445 3465 certo
473 3399 638 3475 tenemus,
667 3391 754 3484 qnod
784 3391 825 3460 ad
852 3389 1010 3462 honorem
1038 3393 1237 3486 apostolicae

66 3520 163 3592 Sedis
176 3518 352 3604 intenditis,
372 3525 406 3590 et
418 3519 601 3612 proiectum
621 3525 654 3588 et
672 3517 895 3587 exaltationem
911 3516 980 3609 ejus
993 3525 1142 3611 tanquam
1157 3543 1237 3612 pro·

67 3647 169 3740 priam
188 3646 359 3717 affectatis.
382 3644 474 3715 Unde
488 3643 666 3714 nullatenus
683 3643 875 3726 dubitamus,
897 3645 971 3738 quin
986 3646 1070 3715 inter
1084 3645 1136 3739 pia
1149 3645 1237 3715 desi·

68 3772 158 3844 deria
176 3778 285 3843 restra
303 3771 496 3842 desideretis
514 3770 677 3854 ardenter,
697 3777 733 3841 ut
747 3770 946 3842 Graecorum
960 3769 1105 3842 Ecclesia
1125 3771 1240 3843 redeat

67 3901 106 3971 ad
124 3892 316 3980 Romanam,
342 3905 376 3969 et
400 3897 574 3968 membrum
598 3897 639 3967 ad
663 3904 760 3990 caput
778 3905 812 3968 ct
830 3897 870 3966 ad
890 3904 1024 3968 matrem
1043 3897 1105 3968 filia
1129 3922 1240 3968 rener-

67 4037 166 4112 tatur,
191 4029 310 4120 fiatque
335 4047 431 4096 unum
457 4025 539 4096 ovile
559 4029 594 4094 et
612 4046 694 4094 unus
713 4029 836 4115 pastor,
863 4045 924 4092 nec
949 4025 992 4094 sit
1017 4024 1180 4096 distinctio
1200 4025 1240 4096 dc

3 4127 5 4156 ἓ
70 4163 182 4226 cetero
196 4155 283 4224 inter
294 4152 429 4222 Latinos
444 4157 477 4222 et
490 4153 647 4233 Graecos,
668 4149 726 4220 sed
744 4155 809 4220 tam
828 4149 860 4218 in
880 4149 942 4220 fide
956 4151 1126 4234 catholica,
1146 4174 1238 4243 quam

3 4241 5 4350 l
70 4281 101 4351 in
118 4282 244 4352 unitate
259 4277 485 4350 ecclesiastica
504 4278 665 4348 uniantur.

157 4405 290 4488 Verum,
316 4410 606 4499 quantumcumque
633 4401 673 4472 ad
701 4399 765 4472 boc
783 4399 1007 4494 crucesignati
1033 4424 1071 4470 se
1094 4410 1242 4474 asserant

3 4503 6 4612 Ῑ
70 4533 248 4614 laborasse,
266 4531 393 4610 ridetur
409 4537 517 4600 mmen
537 4527 706 4622 aliquibus,
726 4525 813 4619 quod
831 4527 941 4618 potius
953 4525 986 4596 in
1002 4527 1240 4598 exeusationem

3 4637 4 4664 ³
968 4643 1003 4698 28
1016 4642 1029 4670 ⁸
