3110 5076
301 385 486 442 Parrrusorum
502 389 601 442 Annxu
616 389 648 443 111
664 389 722 444 iur.
736 391 805 445 Vsu.
820 405 995 444 concessum.
1162 376 1234 447 261

65 553 229 626 Prouincia
268 556 337 628 Nisi
349 549 378 649 ¹)
421 566 454 629 ct
483 555 714 652 Uranrsouc).
761 561 933 632 Prouincia
965 552 1128 654 Scopie³)
1168 583 1240 629 cum

129 894 171 930 res
186 893 235 948 por
248 879 325 931 modii
345 881 391 934 auri
404 881 543 935 decursum
560 881 767 935 adumbravimus
780 880 805 934 in
817 881 1001 936 Thessalonica
1019 898 1046 952 p.
1060 880 1095 935 59
1113 896 1163 950 sq..
1182 879 1243 934 coll.

129 965 251 1021 Cedrsoo
264 987 289 1040 p.
304 969 366 1034 701,
381 969 423 1024 sd.
436 972 516 1024 Psris.
537 972 677 1027 Cantacun.
691 975 716 1036 3,
730 973 773 1027 58.
787 974 813 1036 1,
827 973 861 1028 19
874 973 932 1026 rsit.

89 1053 116 1128 ι)
134 1055 267 1112 Prodico
279 1059 328 1112 LP.
348 1061 395 1114 Est
407 1061 464 1114 'Pri
473 1061 584 1118 aditus
598 1065 715 1120 vatorum
729 1062 847 1124 sardica,
860 1063 886 1116 iu
900 1061 1025 1116 bodiorna
1038 1061 1169 1132 Butgoria.
1188 1063 1242 1116 Leo

128 1147 260 1202 Diaconos
279 1149 327 1212 16,
348 1153 380 1207 8:
407 1151 545 1225 Σαρᾶικὴν,
564 1154 596 1216 ἣν
615 1158 658 1208 καὶ
677 1153 825 1228 Τρὰδιτζαν
845 1153 877 1225 (Ι.
891 1152 1067 1225 Τριάδοτζαν)
1086 1151 1103 1214 ἡ
1124 1153 1242 1214 Σκυθικὴ

130 1241 261 1302 συνήθεια
280 1241 411 1304 κέκληκεν.
432 1243 547 1317 Scyiitaa
567 1245 600 1299 ad
619 1245 718 1299 catccm
738 1245 849 1299 Cedrosi
868 1245 925 1318 (ed.
938 1245 1017 1298 Bunn.
1031 1243 1063 1296 Τ.
1074 1243 1099 1305 2,
1115 1261 1141 1314 ρ.
1155 1243 1242 1312 dibi:

130 1329 177 1390 Εἰς
197 1333 367 1404 Τριοὶδετζαν.
387 1332 523 1390 cedrenus
541 1336 571 1390 Τ.
589 1337 619 1398 ii,
639 1355 665 1408 p.
680 1336 714 1390 36
734 1335 842 1406 antiqua
856 1335 972 1389 Sardice
985 1336 1065 1388 iorma
1079 1335 1176 1388 utitur:
1196 1337 1242 1404 Τῷ

131 1419 203 1492 αὐτῷ
222 1425 313 1496 χρόνῳ
333 1423 454 1496 Κροῡμος
477 1428 524 1486 τὴν
544 1425 674 1499 Σαρδικὴν
697 1423 852 1498 παρέλαβεν.
878 1425 976 1498 Glycus
991 1426 1055 1480 libro
1069 1425 1111 1486 lv,
1130 1443 1155 1495 p.
1175 1425 1242 1488 166,

129 1514 171 1567 cd.
184 1515 281 1569 Bonn.:
303 1515 418 1590 Σαρδικὴ
439 1515 467 1570 dt
486 1516 554 1568 dorso
573 1517 590 1579 ἡ
608 1519 654 1568 νῦν
673 1517 796 1585 λεγομένη
816 1516 969 1590 Τριὰδιτζα.
996 1515 1071 1570 Adde
1090 1515 1240 1570 cinnamum

130 1606 156 1668 2,
172 1607 213 1660 13.
227 1607 254 1670 3,
267 1607 295 1662 6.
307 1609 331 1668 5,
345 1608 387 1661 11.
402 1610 428 1671 6,
441 1609 467 1662 d.
480 1609 505 1662 6.
520 1609 551 1662 11
565 1647 572 1669 ,
592 1607 634 1660 ubi
649 1607 765 1661 Sardicae
778 1623 869 1662 nomen
882 1607 972 1679 purius
987 1606 1111 1661 occurrit.
1136 1607 1243 1660 Nicotas

130 1696 155 1749 in
172 1696 272 1751 {sancio
289 1698 390 1769 dngclo
409 1699 435 1760 3,
454 1700 485 1752 d:
510 1696 681 1770 Τριάδοτζαν,
707 1683 731 1760 ἦ’
744 1696 811 1750 ἐστιν
829 1698 846 1759 ἡ
866 1697 946 1752 πάλαι
969 1697 1094 1768 λεγομένη
1119 1695 1242 1770 Σαρδινὴ.

129 1787 292 1859 prraenius
304 1789 331 1842 in
342 1789 453 1844 Caesarr.
467 1807 504 1844 rr.
517 1789 597 1844 2917.
609 1789 690 1844 3651.
703 1789 867 1845 11761276
892 1789 1009 1844 Sardicas
1026 1789 1129 1842 nomios
1149 1789 1244 1850 utitur,

130 1895 168 1932 rr.
181 1879 263 1933 5865.
276 1879 348 1934 6157
360 1881 508 1935 Triaditsoe.

6 1991 7 2032 1
86 1966 113 2042 ι)
135 1967 300 2025 doleamne·
313 1971 492 2044 (Veiorusdii)
510 1973 559 2026 LP.
580 1971 648 2026 Urbs
666 1972 691 2025 in
709 1971 839 2044 superiori
858 1969 1009 2024 Macedonia
1027 1971 1067 2025 vsi
1081 1969 1169 2042 potius
1181 1969 1245 2024 But-

130 2062 203 2132 garia
224 2063 374 2132 querenda.
400 2063 505 2117 Variant
521 2064 547 2116 in
565 2063 707 2134 scriptione
734 2062 843 2115 nominis
861 2061 999 2116 barbarici.
1025 2061 1192 2116 innocentius
1212 2060 1245 2114 111

130 2153 377 2226 opinabilium.
391 2155 538 2227 Brc'quipny
551 2155 583 2208 Τ.
598 2154 627 2216 ΙΙ,
641 2173 667 2225 p.
680 2153 758 2225 151),
774 2153 926 2224 inscriptio:
945 2152 1094 2208 Anastasio
1108 2153 1248 2224 archiepi-

130 2261 215 2316 scopo
234 2245 517 2310 Belcbusdicnsi.
542 2245 644 2317 inipso
665 2245 777 2316 epistota
796 2245 851 2299 baec
869 2246 1006 2314 leguntur:
1029 2243 1065 2300 Ut
1083 2247 1110 2298 tc
1128 2259 1245 2317 quoque,

130 2338 266 2407 tanquam
279 2337 445 2393 honorabile
457 2337 610 2391 membrum
623 2335 744 2390 ccclesias
757 2336 1012 2398 trinovitanensis,
1031 2338 1058 2389 et
1079 2332 1245 2408 metropoli-

130 2429 231 2481 tanum
248 2429 311 2481 Bet
316 2428 423 2482 abussi
428 2428 440 2482 i
445 2427 521 2482 ensi
527 2445 541 2482 s
561 2426 700 2482 coclerio.
716 2465 724 2479 .
739 2426 917 2500 ‚specialiter
934 2427 1108 2481 honoremus.
1128 2426 1166 2479 ld.
1180 2425 1243 2478 ibid.

132 2519 210 2590 epist.
226 2519 262 2573 10
276 2521 315 2590 (p.
328 2519 405 2586 153),
418 2517 567 2590 inscriptio:
585 2520 699 2580 Formo,
713 2535 769 2592 quo
786 2516 907 2591 pultium
920 2517 1000 2572 trudi
1012 2517 1093 2573 debet
1105 2515 1246 2589 archiepi-

129 2610 223 2684 scopis
243 2609 526 2665 Baiesbudierrsi
544 2613 570 2663 et
586 2608 779 2664 Trinooitono.
799 2609 940 2680 Catotogus
953 2609 1068 2669 urbium,
1082 2625 1141 2679 quae
1154 2624 1246 2662 nomon

129 2704 264 2755 mutarunt
277 2700 478 2772 (Constantinus
495 2701 658 2773 Porphyrog.
673 2704 770 2756 nostra*
784 2701 825 2754 cd.
839 2719 865 2772 p.
878 2701 945 2772 2t):
972 2699 1198 2762 Βελεντιούπολις,
1218 2700 1245 2751 τὰ

132 2789 324 2862 Βελεσβούδιον
338 2791 417 2863 (sic).
437 2791 570 2861 Georgius
583 2792 736 2862 Acropolita
751 2810 809 2864 cap.
822 2793 871 2846 sb:
895 2791 940 2843 Ἐκ
958 2790 986 2844 dt
1002 2793 1049 2843 τοῦ
1063 2793 1126 2863 πρὸς
1145 2787 1247 2863 βοῤῥᾰν

131 2884 226 2956 μέρους
246 2883 392 2951 Στούμπιόν
410 2901 437 2934 τε
457 2885 498 2935 καὶ
517 2880 648 2953 Χόττοβος
666 2887 709 2936 καὶ
727 2888 819 2954 χῶρος
838 2883 850 2934 ὁ
871 2880 1047 2952 Βελεβουδίου
1061 2883 1132 2954 (sic)
1146 2883 1249 2935 Σκοαιά

130 2993 157 3027 τε
176 2975 221 3027 καὶ
241 2974 352 3033 Βελεσός
369 2976 412 3026 καὶ
431 2973 507 3046 μέχρι
526 2973 672 3046 Πριλάπου.
696 2973 745 3027 Ubi
764 2974 858 3027 Dousae
871 2973 952 3028 editio
965 2972 1031 3044 legit
1044 2971 1246 3043 Βελεβουσδίου.

131 3064 295 3138 prraemius
319 3065 344 3117 in
363 3063 511 3118 Caesaribus
529 3082 551 3118 ν.
571 3065 639 3120 6511
662 3082 715 3136 sq.:
743 3066 835 3137 χώρας
859 3083 885 3118 το
914 3067 999 3128 πάσης
1024 3068 1088 3139 πρὸς
1118 3063 1247 3128 Ῥοδόπην

131 3157 258 3224 κειμένης,
277 3157 320 3208 καὶ
340 3153 473 3226 Βελέσβου
493 3157 557 3208 Δίου
575 3173 603 3222 νε
623 3153 862 3227 (1.3ελεοβου6ίου
881 3154 934 3225 γε).

88 3245 114 3318 ¹)
133 3249 208 3302 Ruri
217 3245 288 3320 (sic)
297 3247 347 3299 br.
365 3246 534 3316 significatur
547 3247 690 3300 Naissus
704 3245 824 3318 (Naisus.
838 3247 933 3307 Nesus,
946 3247 1032 3308 Nisus,
1046 3245 1135 3318 Nica).
1152 3245 1247 3319 Scrip-

131 3341 204 3393 tores
223 3339 285 3410 post
302 3337 487 3410 Theophanem
504 3337 529 3390 iu
546 3337 643 3390 Racilio
661 3337 803 3391 Macedone
823 3335 882 3408 (sd.
902 3337 982 3390 Ronn.
1002 3355 1029 3409 p·
1049 3337 1134 3408 sm:
1153 3340 1244 3399 Νίκην,

130 3433 176 3492 τὴν
190 3429 257 3481 κατὰ
276 3427 437 3481 Μακεδονίαν
457 3427 542 3480 πόλιν.
562 3427 697 3482 Codrenus
710 3427 740 3480 T.
754 3427 784 3490 11,
804 3445 830 3500 p.
844 3429 905 3490 717,
924 3427 966 3482 ed.
979 3429 1070 3482 Boon:
1092 3430 1148 3488 Τὴν
1168 3428 1248 3480 Νίσον

132 3517 291 3591 καταλαβὼν
306 3561 312 3574 .
330 3561 336 3573 .
352 3521 418 3581 ,τὴν
432 3519 506 3572 πόλιν
519 3523 570 3570 τῶν
586 3520 703 3570 Σκοπίων
717 3559 725 3581 ,
738 3556 745 3570 .
760 3559 767 3572 .
781 3518 807 3572 ἐν
820 3523 852 3590 τῇ
866 3522 947 3589 Νήσῳ
962 3518 1042 3592 (sic).
1061 3518 1130 3572 idem
1142 3537 1168 3590 p.
1179 3519 1248 3573 718:

131 3609 158 3665 tx
177 3615 225 3664 rori
244 3612 327 3664 Νίσου
341 3651 348 3664 .
363 3651 370 3665 .
384 3649 390 3662 .
405 3611 467 3683 πρὸς
486 3610 519 3662 τὰ
539 3611 638 3662 Σκόπια
658 3608 732 3662 ἵεντο.
752 3609 791 3662 16.
804 3627 865 3682 pag.
879 3611 946 3664 527:
968 3613 1018 3663 Διά
1035 3629 1062 3662 τε
1081 3611 1202 3662 Ναϊσσοϋ
1222 3627 1248 3662 τε

133 3702 247 3756 καὶτῶν
269 3703 404 3754 sonorior
418 3701 496 3774 (sic).
516 3701 622 3755 Nicetes
643 3702 668 3754 in
687 3700 835 3754 Andronico
853 3701 878 3763 1,
898 3702 927 3754 1:
947 3701 1022 3754 Κατὰ
1040 3703 1083 3753 τὸν
1103 3703 1185 3752 Νῖσον
1205 3702 1249 3754 καὶ

132 3797 178 3857 τὴν
198 3791 390 3866 Βρανίτζοβαν.
409 3791 479 3846 idem
498 3793 522 3846 in
541 3793 659 3846 Manneio
671 3795 696 3855 1,
717 3793 749 3846 3:
769 3793 850 3843 Νῖσον
865 3827 871 3844 .
886 3830 893 3844 .
908 3831 914 3845 .
929 3789 1120 3864 Βρανίτζοβαν.
1141 3791 1210 3845 idem
1222 3791 1248 3843 in

130 3885 232 3941 isaacio
263 3885 366 3956 Angeto
393 3885 424 3947 3,
453 3885 483 3938 d:
515 3885 590 3938 Κατὰ
621 3886 664 3936 τόν
695 3885 784 3936 Νῖσον.
821 3882 909 3936 Naissi
934 3883 1017 3936 forma
1042 3882 1141 3954 puriori
1167 3883 1250 3937 utitur

133 3977 276 4032 Cinnamus
292 3976 334 4031 cd.
349 3976 429 4032 Boon.
443 3995 470 4049 p.
483 3976 527 4032 69.
541 3975 602 4030 161.
616 3975 677 4028 ¹24.
696 3973 758 4028 126.
771 3972 833 4028 261.
847 3973 909 4028 212.
923 3973 1027 4029 361.-
1036 3975 1059 4028 N
1064 3975 1131 4030 issa
1143 3974 1252 4039 Latinis,

131 4068 227 4122 Turcis
246 4066 283 4121 Ni
293 4067 360 4123 sch.

88 4155 115 4231 ¹)
133 4159 350 4214 Branitnoba.
375 4157 457 4229 Hujus
476 4175 534 4212 cam
548 4155 634 4212 Naissi
648 4159 676 4210 ot
688 4155 851 4227 bellagrada
871 4157 1025 4228 (belgradae
1040 4157 1072 4212 ad
1088 4155 1250 4230 Danubium)

133 4250 243 4305 historia
263 4251 359 4322 saepius
373 4249 502 4320 jungitur.
521 4249 593 4302 Anna
610 4247 739 4302 Comnana
758 4247 859 4301 iibroii
879 4247 936 4319 (od.
951 4249 1033 4304 Paris.
1047 4269 1072 4322 p.
1088 4251 1173 4322 279):
1194 4253 1250 4312 Τὴν

133 4343 227 4417 μικρὰν
240 4341 349 4395 Nursinos
369 4339 412 4393 sort
432 4336 621 4412 Βρανίτζοβαν.
641 4338 739 4392 Eodem
752 4339 818 4393 libro
828 4339 883 4393 XIV
897 4339 937 4412 (p.
952 4341 1037 4410 stom
1057 4342 1094 4393 Τὸ
1114 4341 1185 4410 &ipa
1204 4344 1251 4393 τοῦ

134 4437 226 4498 Naisso
255 4435 299 4486 rost
326 4437 372 4495 τῆς
398 4431 543 4505 παρίστρας
574 4428 607 4502 (l.
636 4429 806 4503 παριστρίας)
840 4429 1065 4503 Βουρανιτζόβης.
1115 4431 1254 4487 Cinnamus

137 4525 161 4587 1,
174 4526 206 4579 d:
226 4519 321 4578 Ou'saor
341 4521 368 4576 di
388 4522 534 4596 (biagyari)
548 4517 726 4594 Βρανίτζοβὰν
745 4539 772 4572 τε
791 4515 871 4575 εἶλον.
891 4521 966 4575 Addo
989 4523 1098 4577 cundem
1116 4539 1175 4596 cap.
1190 4525 1215 4587 5,
1229 4525 1255 4579 3.

139 4617 180 4672 11.
204 4617 250 4673 16.
277 4616 321 4672 19.
346 4613 453 4671 Nicetas
482 4616 508 4670 in
534 4615 573 4670 do
599 4613 729 4669 Comoono
756 4629 813 4686 osp-
840 4614 870 4669 5:
896 4612 928 4667 Oi
954 4608 1049 4668 Οὖννοι
1074 4612 1255 4688 Βρανίτζοβαν
