3130 5078
304 369 381 444 528
630 379 725 434 luuoc.
739 379 772 432 lll
785 395 877 434 nerse.
890 397 928 434 so
943 395 1093 436 nruscosos
1107 381 1153 436 Cr.

300 555 418 624 luisset
445 552 562 623 electio
590 557 816 645 pracsentata,
845 550 923 623 licet
949 551 991 623 de
1018 575 1159 648 persona
1191 550 1296 622 electa
1321 574 1361 621 er
1389 570 1477 619 mora

302 679 436 762 diutina,
458 699 551 770 quam
566 678 650 772 apud
664 677 783 748 Sedem
799 681 1009 773 apostolicam
1028 681 1108 752 feeit
1122 679 1208 756 olim,
1228 700 1288 748 nos
1309 683 1343 748 et
1360 677 1477 746 fratres

300 803 408 877 nostri
426 805 626 876 sullicienter
643 805 791 875 notitiam
810 805 1017 892 haberemus,
1037 813 1152 901 utpote
1171 827 1266 899 quam
1284 825 1477 879 noueremus

302 956 426 1028 genere
445 932 595 1016 nobilem,
614 931 783 1002 honestam
802 933 960 1017 moribus,
985 933 1188 1028 providentia
1206 934 1476 1024 circumspectam

302 1067 336 1132 et
354 1065 579 1154 competenter
597 1059 699 1128 literis
714 1060 886 1143 eruditam,
907 1060 1097 1130 electionem
1111 1067 1217 1131 tamen
1232 1052 1478 1129 examinavimus

296 1187 389 1280 juxta
422 1210 563 1270 morem,
602 1192 636 1256 et
664 1209 733 1256 eam
770 1189 947 1258 invenimus
976 1193 1091 1258 contra
1125 1188 1261 1258 sormam
1289 1185 1478 1258 eanonicam

300 1319 533 1409 attemptatam,
553 1319 703 1384 nontam
724 1337 761 1384 ex
775 1337 828 1398 eo,
849 1313 936 1407 qnod
951 1337 969 1385 a
984 1315 1091 1386 multis
1111 1317 1217 1386 extitit
1237 1314 1476 1386 contradictum

301 1449 334 1514 et
353 1443 392 1512 ab
413 1441 571 1536 aliquibus
593 1442 690 1512 etiam
709 1439 914 1535 appellatum,
935 1443 997 1511 etsi
1014 1443 1221 1536 postmodum
1240 1443 1342 1514 luerit
1361 1465 1379 1512 a
1398 1463 1478 1509 eon·

299 1568 495 1640 tradictione
510 1570 634 1661 pariter
648 1573 681 1637 et
695 1567 913 1662 appellatione
926 1591 1103 1651 recessum,
1125 1592 1219 1662 quarn
1233 1593 1293 1664 pro
1310 1591 1365 1651 co,
1382 1565 1477 1660 quod,

298 1720 372 1767 cum
405 1696 514 1778 laicis,
549 1701 830 1790 quantumcunque
860 1695 1043 1790 religiosis,
1081 1695 1273 1790 disponendi
1306 1695 1348 1765 de
1379 1693 1476 1764 rebus

298 1821 532 1894 ecclesiasticis
560 1821 645 1892 nulls
676 1823 719 1892 sit
746 1823 900 1894 attributa
931 1821 1084 1907 facultas,
1114 1824 1310 1894 anctoritate
1337 1820 1475 1912 alicujus

297 1950 454 2044 principis
473 1947 630 2019 secularis
648 1949 681 2017 in
695 1948 1053 2042 constantinopolitana
1068 1949 1216 2020 Ecclesia
1230 1971 1291 2018 nec
1306 1947 1476 2028 debuerat,

298 2099 359 2147 nec
377 2081 531 2170 potuerat
549 2075 624 2168 eligi
643 2075 840 2146 Patriarcba.
869 2076 937 2148 Sed
962 2097 1024 2146 nec
1050 2076 1160 2148 clerici
1181 2075 1401 2158 venetiarum,
1422 2074 1474 2168 qui

298 2203 466 2275 Ecclesiae
488 2209 621 2274 sanctae
647 2185 851 2294 Sophiae'se
875 2202 1058 2273 Canonicos
1084 2201 1209 2273 electos
1235 2200 1418 2296 appellant,
1445 2202 1476 2270 in

298 2332 411 2402 eadem
437 2329 586 2400 Ecclesia
604 2327 660 2420 jus
684 2328 864 2400 habuerant
888 2328 1048 2423 eligendi,
1074 2353 1148 2398 cum
1174 2330 1206 2398 in
1226 2353 1264 2400 ea
1284 2353 1391 2422 neque
1418 2352 1476 2420 per

301 2481 378 2542 nos,
405 2479 510 2550 neque
526 2479 588 2550 per
606 2455 734 2549 legatos
754 2461 809 2526 aut
828 2455 998 2549 delegatos
1017 2461 1150 2526 nostros
1174 2455 1297 2527 luerint
1321 2455 1475 2532 instituti;

299 2591 436 2680 propter
455 2583 541 2678 quod
561 2582 753 2654 electionem
772 2583 885 2676 ipsam,
906 2583 947 2654 de
961 2585 1123 2653 communi
1136 2583 1272 2654 fratrum
1288 2590 1474 2653 nostrorum

299 2712 446 2795 consilio,
467 2710 647 2782 curavimus
667 2710 698 2779 in
717 2709 847 2802 publico
863 2710 1056 2782 consistorio
1071 2709 1260 2803 reprobare.

386 2837 505 2908 Verum
530 2859 603 2907 cum
629 2859 841 2931 personarum
862 2837 1014 2908 delictum
1033 2839 1064 2907 in
1085 2837 1233 2907 damnum
1253 2836 1473 2908 Ecclesiarum

297 2989 362 3037 non
386 2965 505 3036 debeat
530 2963 729 3048 redundare,
755 2987 816 3035 nec
842 2965 925 3036 idem
951 2965 1169 3036 subdiaconus
1194 2965 1225 3033 in
1251 2965 1361 3056 ahquo
1388 2964 1470 3034 deli·

298 3096 433 3189 quisset,
452 3098 569 3186 utpote
583 3091 636 3184 qui
655 3090 773 3162 absens
791 3092 899 3163 suerat
919 3100 952 3163 et
970 3093 1173 3185 irrequisitus
1193 3092 1330 3173 electus,
1351 3114 1475 3162 memo·

296 3245 351 3292 res
375 3241 510 3314 precum
531 3218 680 3312 jamdicti
705 3219 931 3310 Imperatoris,
961 3243 1043 3313 quae
1072 3241 1137 3288 non
1161 3218 1263 3288 solnm
1292 3217 1474 3298 utilitatem,

296 3371 406 3419 uerum
425 3348 521 3417 etiam
547 3345 776 3414 necessitatem
799 3345 935 3416 innuere
953 3347 1156 3428 videbantur,
1181 3350 1215 3414 et
1234 3343 1339 3414 eidem
1357 3345 1474 3415 Eccle-

200 3571 203 3580 .
294 3476 379 3558 siae,
408 3475 503 3565 cujus
523 3470 564 3541 od
583 3493 644 3542 nos
667 3471 828 3543 ordinatio
853 3471 1040 3564 specialiter
1065 3470 1266 3566 pertinebat,
1295 3468 1471 3565 prouidere

296 3600 454 3683 uolentes,
482 3621 520 3670 ac
539 3597 598 3670 sub
619 3621 657 3668 ea
676 3622 735 3691 spe
754 3597 885 3668 Venetis
904 3601 1043 3693 gratiam
1062 3597 1226 3682 exhihere,
1253 3605 1290 3669 ut
1309 3597 1352 3668 ad
1373 3597 1473 3671 obse·

295 3729 402 3822 quium
434 3727 542 3797 crucis
580 3723 700 3796 Christi
735 3725 853 3797 lortius
890 3727 1120 3820 accingantur,
1158 3749 1198 3795 ex
1225 3724 1346 3796 collata
1384 3725 1476 3797 nohis

294 3853 491 3950 plenitudine
520 3851 695 3948 potestatis
726 3853 872 3922 eumdem
902 3852 1136 3923 subdiaconum
1157 3856 1303 3921 nostrum
1322 3858 1475 3945 tanquam

293 3981 471 4052 membrum
497 3977 697 4074 apostolicae
722 3977 817 4049 Sedis
841 3977 998 4072 elegimus
1025 3985 1059 4049 ct
1084 3977 1342 4048 confirmavimus
1368 3978 1472 4049 eidem

294 4111 464 4182 Ecclesiae
481 4107 714 4180 Patriarcham.

382 4237 550 4307 hlonemus
581 4235 683 4328 igitur
716 4234 959 4306 uniuersitatem
993 4239 1131 4304 uestrum
1165 4233 1320 4302 attentius
1354 4240 1389 4305 et
1416 4256 1476 4326 per

293 4362 472 4458 apostolica
490 4361 581 4433 vohis
601 4359 721 4453 scripta
740 4359 941 4444 mandamus,
961 4365 1133 4453 qnatenus,
1153 4359 1240 4452 quod
1260 4381 1321 4428 nos
1339 4358 1474 4451 prouida

294 4488 530 4559 deliberatione
549 4488 735 4569 statuimus,
754 4509 814 4556 ros
832 4488 983 4580 prompta
1003 4485 1178 4556 devotione
1198 4485 1349 4555 servetis.

381 4614 497 4684 ilatum
507 4615 625 4694 Rosia,
641 4611 725 4704 apud
739 4619 885 4685 sanetum
901 4615 1042 4696 Petrum,
1054 4612 1110 4684 Xll
1119 4610 1281 4681 Kalendas
1291 4611 1472 4681 Februarii.
