3110 5076
313 365 503 418 Pucvnccccuu
517 361 617 418 Ancxu
630 361 664 416 ΙΙΙ
677 361 735 416 lnr.
750 363 818 416 ven.
832 377 1009 418 concessum.
1174 351 1249 424 253

68 537 180 606 nostri
195 535 286 616 etuti,
304 539 379 608 cine
391 534 519 632 froude
532 543 565 606 et
577 533 664 604 molo
677 535 826 625 inqenio.
845 531 978 630 etquod
989 557 1059 604 unu
1076 557 1152 604 cum
1169 535 1251 604 ctoto

68 662 212 759 inperii
234 687 348 736 eorum
371 673 620 760 persequentur
643 661 763 734 ctutum
786 665 921 734 inimici
943 664 1130 734 mciectutic
1149 661 1251 756 impe·

4 861 5 884 q
67 794 207 872 notorie,
225 795 300 864 ciue
319 791 603 870 cornemium,
622 792 697 862 ciue
709 793 858 884 puqoui;
885 798 918 861 et
935 787 1101 886 offendent
1124 813 1200 860 eum
1219 799 1252 859 et

4 895 5 904 ἵ
69 919 309 1012 ecpuqncbunt
338 928 371 990 et
394 925 651 1014 peraequentur,
684 920 897 1012 inserentque
923 920 959 988 ei
985 916 1127 998 molum,
1162 915 1252 1010 quod

4 1113 5 1116 ,
67 1047 200 1140 inferre
226 1045 402 1126 ucleiunt,
428 1045 513 1118 bonu
533 1045 623 1138 pte·
642 1047 718 1116 cine
737 1042 862 1138 fraude
881 1052 913 1116 et
929 1043 1016 1114 moto
1034 1046 1191 1138 imperim·
1219 1053 1252 1114 ct

67 1171 310 1267 irnpupnoiunt
326 1195 412 1253 eum,
431 1169 590 1270 quamdiu
608 1180 641 1243 et
658 1171 763 1244 ctolnc
782 1169 924 1266 Imperij
938 1195 1055 1244 eorum
1073 1175 1247 1266 impupno-

4 1329 6 1358 ι
70 1300 116 1370 iit
130 1325 210 1372 cum
229 1301 314 1372 bonu
327 1299 407 1394 fide,
426 1304 501 1372 cine
516 1298 654 1393 froude.
685 1299 730 1370 Et
746 1303 780 1370 ci
797 1298 910 1394 aliquo
930 1307 1099 1372 terrorum
1115 1302 1251 1372 inimici

4 1419 6 1516 ζ
68 1425 260 1523 bipedalia
286 1427 497 1502 celsitudinis
524 1431 665 1524 ceperit,
694 1425 852 1500 debemur
875 1430 914 1497 in
941 1451 981 1498 eu
1013 1429 1190 1500 eccleciam
1217 1437 1251 1498 et

4 1551 6 1556 ’
69 1555 231 1626 nnbolum
254 1565 287 1628 et
309 1556 434 1628 ecclam
457 1554 581 1626 iubere
606 1563 639 1626 et
664 1557 866 1626 corruercmi
886 1558 961 1626 cine
984 1558 1077 1626 omrci
1101 1552 1247 1626 datiam.

4 1697 5 1778 ξ
74 1681 290 1755 Veruntamen
313 1683 418 1756 etoiuc
445 1681 588 1778 Imperii
611 1705 726 1754 eorum
746 1681 841 1754 debet
857 1689 969 1754 tuutne
987 1705 1078 1766 ecce,
1104 1692 1248 1776 qucntue

4 1803 5 1894 J
69 1821 242 1893 ctnocter,
261 1819 321 1884 out
339 1813 492 1906 amplior.
522 1809 699 1905 Poctquum
718 1819 830 1882 nutem
849 1808 1046 1882 iuiuomodi
1068 1813 1246 1884 ceruitium

4 2003 6 2036 Ι
68 1938 212 2036 inperio
240 1965 355 2012 eornm
373 1943 588 2036 pereperiut,
614 1937 732 2010 debent
754 1937 879 2010 dobere
901 1961 946 2010 eu
967 1937 1095 2032 puleio,
1123 1963 1187 2033 que
1205 1938 1247 2008 de

74 2065 211 2140 Venetia
234 2069 426 2148 cecinerint,
452 2065 498 2137 cd
513 2090 609 2137 cuum
627 2069 856 2138 reuercionem
879 2065 1075 2159 potensin,
1100 2076 1179 2160 quot
1196 2068 1247 2136 eie

69 2198 262 2268 nececourie
280 2198 518 2266 conuenienter
537 2202 647 2275 munt,
667 2202 700 2264 et
716 2196 792 2266 circe
805 2192 931 2288 froude
950 2201 984 2264 et
1000 2193 1084 2264 bonu
1097 2191 1201 2286 fide.“

4 2299 6 2326 ᾖ
159 2323 305 2409 „Item‚
318 2331 496 2418 poctquom
514 2320 708 2393 duirccmodi
722 2319 819 2415 putee
837 2319 1001 2392 Venetiam
1012 2323 1245 2416 peruenerint,

68 2453 98 2521 ci
114 2473 233 2522 eorum
257 2447 438 2546 Imperium
462 2449 610 2522 uoluerit
626 2473 684 2520 cuc
701 2451 738 2520 in
757 2447 954 2520 Rornonicm
972 2472 1110 2520 curcum
1128 2447 1248 2520 reduci

69 2603 88 2649 u
112 2577 296 2662 Veneticic,
318 2581 377 2672 piet
393 2582 465 2662 riu·
493 2587 528 2650 et
542 2579 771 2674 unumquisque
789 2601 916 2659 eorum,
942 2580 1002 2672 qni
1019 2601 1077 2648 eoo
1095 2575 1243 2662 reducet,

70 2703 161 2776 debet
189 2705 314 2776 leodem
337 2707 480 2801 proprie
510 2703 676 2776 mercedic
704 2707 839 2797 qratia,
872 2703 962 2798 qnod
990 2714 1164 2799 conpetens
1196 2713 1247 2776 ect

69 2831 249 2904 cecundum
281 2841 419 2928 tempne.
455 2829 499 2904 Si
524 2842 634 2902 cutem
653 2815 841 2926 ¹Imperium
869 2853 986 2901 eorum
1012 2831 1159 2902 noluerit
1180 2855 1245 2926 per·

69 2960 150 3031 dioc
170 2983 338 3055 perronae
361 2963 437 3032 ciue
455 2985 521 3055 per
545 2959 645 3032 olium
663 2959 810 3054 cliquum
829 2957 1108 3052 dispensationem
1127 2983 1243 3030 reuer-

71 3091 193 3159 n'onem
208 3113 323 3159 eorum
338 3091 420 3182 fieri
435 3091 472 3160 in
492 3097 617 3160 terram
630 3111 692 3158 cce
704 3085 925 3166 celoitudinic,
945 3086 1058 3158 licebit
1074 3096 1108 3158 et
1122 3087 1184 3158 icoc
1198 3090 1242 3158 ci.

71 3213 111 3286 Si
125 3241 207 3288 uero
232 3217 393 3290 noltuerit
415 3241 472 3290 ece
495 3215 547 3288 ibi
562 3215 742 3295 cnutodiri,
767 3213 998 3286 euctodientur
1015 3213 1061 3285 nd
1081 3212 1243 3284 honorem

70 3341 205 3440 Imperij
216 3368 343 3425 eorum,
364 3353 527 3439 tamquam
542 3347 576 3416 oi
585 3345 729 3440 proprie
743 3350 854 3416 eccent
872 3341 1012 3424 Venetie,
1026 3351 1242 3414 veruntamen

73 3493 141 3542 cum
158 3470 331 3568 imperiali
347 3479 530 3568 euperoco.“

157 3597 202 3686 „1
206 3609 300 3681 tem,
319 3602 352 3670 oi
364 3600 403 3671 oi
415 3603 617 3693 pronitatem
636 3600 783 3694 utiquam
800 3596 995 3670 huiusmodi
1009 3597 1106 3690 putee
1124 3601 1240 3692 nequi·

73 3725 786 3823 nerintcecundumprepicumterminumde
799 3725 929 3798 Venetia
942 3728 1071 3809 uenire,
1080 3724 1239 3818 (debent)

72 3855 105 3924 in
120 3859 297 3928 uncinum
315 3855 394 3928 ctoli
408 3854 548 3951 Imperij
563 3879 678 3926 eorum
694 3853 831 3949 inqredi
848 3856 1004 3924 nniucrci
1020 3857 1058 3926 in
1076 3853 1240 3924 Rcmoccio

73 3985 196 4054 ircumti
231 3980 386 4063 Venetici,
419 3981 602 4062 recundum
634 3982 724 4078 quod
752 3984 912 4077 nuperius
943 3981 1146 4052 deciaratum
1178 3990 1238 4062 eet,

74 4109 192 4182 cm'ticet
209 4109 250 4180 dc
267 4107 337 4180 1111
348 4119 417 4182 trec
429 4103 471 4202 ¹),
490 4135 566 4182 curn
583 4133 688 4205 cupro
705 4115 831 4204 scriptu
849 4115 968 4202 copo.“

151 4290 174 4324 ,,,
184 4237 207 4309 I
209 4247 304 4320 tem,
332 4241 420 4308 cieo
438 4235 580 4332 imperio
606 4237 742 4332 expedit
764 4236 968 4308 adiutorium
992 4234 1038 4306 od
1055 4234 1238 4308 uindictam

77 4371 154 4436 terre
165 4365 352 4462 imperiectio
365 4365 577 4438 celcitudinic
592 4365 630 4436 oi
645 4367 788 4459 ntiquom
804 4367 977 4435 inimicum
992 4365 1027 4432 iu
1043 4362 1238 4434 Hom-unium

100 4591 123 4664 1)
141 4593 176 4648 dc
194 4601 339 4665 quatuor
358 4597 428 4648 icoo
448 4594 496 4650 LP.
