3110 5076
280 355 358 428 250
518 368 705 424 Panrnnnsnnra
723 369 825 424 dnnxn
839 369 873 424 ΙΙΙ
886 371 944 424 lana.
959 369 1027 425 Van.
1041 385 1217 425 concessant.

278 539 481 634 paciscendis
506 539 697 612 multociens
723 541 974 624 ratiocinantes,
1001 541 1138 632 deniqne
1158 549 1191 610 et
1209 563 1321 612 coram
1347 548 1456 612 nostra

280 668 448 738 maiestate
472 673 650 752 steterunt,
676 675 710 740 et
733 669 819 739 inter
836 669 1018 762 predictum
1037 667 1265 740 cancellarium
1284 677 1383 764 atque
1401 693 1457 740 eos

278 800 418 866 tractata
441 795 633 878 retulerunt,
658 803 692 868 et
709 796 839 868 multam
859 795 1054 879 instantiam,
1079 817 1225 866 necnon
1244 801 1278 866 et
1297 795 1458 890 depreca-

278 922 417 1006 tionem,
443 927 480 992 nt
499 923 546 992 eis
565 922 680 1016 placita
700 924 859 1017 perficere
877 929 1022 1016 possent,
1049 922 1206 992 facientes
1225 922 1267 994 ad
1286 921 1458 994 declaran-

278 1049 350 1120 dam
378 1049 702 1142 [dcclcraadamlfi
727 1051 933 1144 acqnieuere.
967 1050 1160 1120 iurauerunt
1178 1055 1213 1120 et
1231 1051 1326 1122 eliam
1346 1073 1459 1121 sacra-

278 1183 431 1259 mentnm,
451 1178 498 1247 sic
517 1177 557 1247 ad
575 1178 711 1248 uerbum
731 1179 925 1249 contineant

369 1301 464 1387 „Noa
476 1305 581 1398 lepcti
592 1305 809 1376 nobilliaaimi
823 1305 932 1377 Dacia
953 1303 1083 1376 Vcactie
1096 1314 1128 1374 et
1141 1302 1331 1399 Impcriclia
1344 1311 1459 1398 prata·

278 1435 422 1515 cenanti,
449 1430 596 1504 Hccrici
612 1429 772 1516 Dandali
797 1431 919 1504 Petras
937 1431 1085 1504 Mictcel
1100 1441 1134 1502 ct
1154 1429 1361 1502 Octauianos
1382 1430 1461 1516 oca·-

276 1562 392 1639 riaaa,
415 1560 570 1629 iuramus
595 1557 657 1628 dac
683 1558 848 1632 dodim
866 1560 937 1641 dic,
966 1583 1030 1655 pac
1048 1570 1101 1630 cat
1116 1561 1302 1653 aipaasima
1319 1562 1462 1654 ιερίὺιια

273 1687 442 1781 presentis
460 1688 586 1756 mensis
598 1683 802 1780 Septembris
814 1691 987 1783 preecatis
1004 1686 1150 1758 accucdc
1167 1685 1379 1769 indictionis,
1397 1707 1462 1756 aec·

280 1812 453 1883 millesimi
467 1815 755 1907 acptinpentccimi
770 1818 905 1910 aeptiaci
915 1817 1009 1896 orici,
1028 1813 1074 1884 cd
1089 1837 1190 1886 accra
1206 1811 1263 1883 dei
1280 1811 1460 1906 eaacpclia

186 1943 193 1950 ’
280 1948 314 2010 ct
330 1938 376 2009 cd
392 1938 620 2011 honorabilem
638 1949 672 2010 ct
687 1944 859 2036 aiaallccm
878 1965 1022 2023 cracem,
1041 1939 1131 2036 qaod
1147 1944 1269 2019 omnia,
1287 1961 1352 2034 pac
1363 1942 1462 2032 pacti

282 2089 400 2136 animas
417 2089 491 2136 cam
510 2071 724 2138 sanctissimo
743 2077 775 2138 et
792 2069 955 2140 altiaaimo
973 2068 1176 2162 Imperatore
1194 2067 1422 2138 Romanorum
1430 2057 1463 2158 ¹)

277 2203 310 2264 ct
326 2215 458 2288 semper
475 2203 633 2287 capucio,
660 2194 793 2266 damiam
812 2195 932 2268 Alexio
953 2195 1139 2278 Comnaaa,
1167 2193 1351 2264 armatam
1368 2202 1461 2264 oma-

276 2323 398 2392 tiaaem
419 2329 453 2392 et
468 2321 671 2392 volantatem
683 2322 832 2418 predicti
849 2323 1065 2394 candiliaaimi
1081 2320 1189 2392 Dacia
1213 2317 1345 2391 Venetie
1362 2329 1397 2390 et
1414 2342 1462 2390 ec·

275 2451 402 2544 scripta
420 2451 495 2520 ciac
513 2453 736 2522 commissione
754 2449 800 2521 ad
817 2475 895 2534 aron,
924 2473 968 2522 aa
987 2448 1158 2519 uoluntate
1180 2451 1325 2520 maioris
1346 2450 1465 2542 pcrta'a

271 2579 378 2670 porci
399 2585 431 2646 et
456 2581 573 2670 mcpoi
596 2578 736 2672 canaala'p’
770 2577 900 2650 Vcaetie
923 2582 1033 2672 facta,
1061 2579 1281 2648 coaacna'maa
1308 2584 1342 2647 ct
1361 2579 1464 2669 pacti

277 2727 394 2774 aamaa
402 2729 417 2786 ,·
435 2703 568 2798 etqaod
580 2707 747 2776 coacessit
757 2713 791 2776 et
807 2707 983 2776 conmissi!
1000 2703 1097 2774 scala
1114 2703 1204 2774 idem
1217 2702 1465 2774 avidissimas

277 2829 360 2900 Duc
390 2827 535 2910 Venetia,
564 2839 602 2902 aa
628 2855 690 2903 aaa
716 2855 819 2927 saper
845 2835 990 2902 amimam
1009 2855 1106 2902 acam
1126 2835 1294 2912 iarcmaa,
1322 2829 1467 2925 pandet

277 2961 349 3052 ipae
367 2981 418 3041 ca,
436 2982 501 3052 pac
519 2985 540 3028 a
559 2959 655 3030 nabis
668 2969 770 3053 pacta
784 2968 864 3030 suat
881 2968 913 3030 ct
929 2967 1104 3039 conuecta,
1124 2959 1252 3030 iurabit
1265 2957 1466 3028 alcamenes

282 3083 412 3156 Venetia
437 3088 557 3156 iararc
576 3090 695 3180 saciet.
724 3086 771 3158 Et
788 3110 833 3158 ec
850 3111 915 3182 qao
941 3087 1037 3158 calca
1062 3085 1125 3156 doc
1147 3089 1313 3156 coacescit
1330 3094 1363 3155 ct
1379 3107 1464 3155 caa-

275 3216 396 3294 micait,
422 3212 545 3283 cooid
560 3214 727 3286 calcarat
744 3214 801 3284 acl
817 3208 1008 3305 matcait²).
1037 3213 1085 3284 Et
1106 3217 1196 3285 sicat
1220 3212 1282 3284 dec
1307 3215 1466 3283 taratauc

277 3343 352 3411 ricc
374 3339 500 3436 francla
517 3349 551 3411 ct
566 3341 652 3412 caclo
680 3343 837 3434 tapecia,
864 3343 916 3412 cic
934 3340 1072 3412 adiacet
1094 3341 1176 3412 cleas
1194 3350 1227 3434 ct
1251 3346 1368 3410 accctc
1384 3341 1467 3410 cias

278 3467 456 3563 eaccpelic
474 3479 508 3538 et
525 3467 732 3540 honoratim
751 3477 849 3562 atquc
867 3470 1007 3560 aiaiplca
1024 3491 1113 3540 canta
1126 3467 1316 3564 predictam
1333 3464 1467 3538 stoecrn

280 3603 434 3666 castrum
453 3604 486 3666 et
502 3619 574 3676 cos,
594 3605 627 3668 cl
642 3599 680 3666 ic
698 3595 761 3666 dac
779 3594 904 3678 cecata,
923 3603 957 3666 et
973 3598 1010 3666 ia
1025 3599 1180 3690 fatcro.“

368 3723 437 3794 Hec
456 3723 556 3814 igitur
574 3723 728 3803 iurantes,
747 3729 782 3792 et
800 3745 864 3814 que
882 3727 980 3814 pacta
992 3727 1067 3794 sunt
1082 3723 1122 3794 ab
1138 3723 1186 3792 eis
1200 3728 1314 3792 nostre
1333 3721 1468 3813 magni-

279 3849 426 3932 ficentie,
451 3857 487 3920 nt
507 3873 545 3920 ex
563 3856 657 3942 parte
677 3848 814 3942 predicti
840 3847 1038 3920 nobillissimi
1058 3851 1156 3922 Ducis
1176 3873 1289 3920 eorum
1309 3853 1342 3918 et
1360 3851 1469 3920 totius

279 3975 412 4046 Venetie
435 3976 559 4068 scripto
580 3975 620 4046 ab
641 3977 688 4047 eis
714 3975 900 4071 subscripto
927 3976 1260 4070 comprehendentes,
1287 3975 1321 4046 id
1344 3983 1465 4048 nostre

278 4102 499 4196 tranquillitati
518 4103 733 4186 tradiderunt,
752 4105 800 4174 sic
820 4127 879 4198 per
899 4103 1057 4176 dictiones
1076 4103 1215 4176 hahens:

369 4227 469 4313 ,Non
495 4239 547 4300 cst
576 4227 707 4301 Venetia
733 4235 927 4312 coniuncta,
964 4255 1026 4300 aec
1056 4254 1212 4324 amquam
1237 4233 1469 4322 coniacpetar

278 4357 385 4428 (dicaci
396 4367 629 4428 coronatorum
643 4357 815 4429 doctinam
828 4359 884 4430 acl
896 4382 961 4428 non
975 4367 1221 4438 coronatorum,
1242 4365 1301 4428 cat
1311 4361 1471 4452 pectinare

304 4587 328 4658 ¹)
345 4585 539 4638 Rocnearam
559 4585 592 4640 al.
608 4601 672 4638 nnnn.
688 4585 737 4638 nd.
863 4586 871 4672 Ι4
918 4584 945 4658 ²)
966 4586 1162 4640 subvertet·
1179 4623 1184 4638 .
1199 4621 1205 4636 .
1220 4585 1388 4642 cantabit?
