<?xml version="1.0" encoding="UTF-8"?>
<!DOCTYPE html PUBLIC "-//W3C//DTD XHTML 1.0 Transitional//EN"
    "http://www.w3.org/TR/xhtml1/DTD/xhtml1-transitional.dtd">
<html xmlns="http://www.w3.org/1999/xhtml" xml:lang="en" lang="en">
 <head>
  <title>
</title>
<meta http-equiv="Content-Type" content="text/html;charset=utf-8" />
  <meta name='ocr-system' content='tesseract 3.04.00' />
  <meta name='ocr-capabilities' content='ocr_page ocr_carea ocr_par ocr_line ocrx_word'/>
</head>
<body>
  <div class='ocr_page' id='page_1' title='image "./fontesrerumaust07kommgoog_0468.png"; bbox 0 0 3110 5080; ppageno 0'>
   <div class='ocr_carea' id='block_1_1' title="bbox 273 363 1274 436">
    <p class='ocr_par' dir='ltr' id='par_1_1' title="bbox 273 363 1274 436">
     <span class='ocr_line' id='line_1_1' title="bbox 273 363 1274 436; baseline 0.011 -10"><span class='ocrx_word' id='word_1_1' title='bbox 273 371 369 428; x_wconf 65' lang='lat' dir='ltr'>Piera</span> <span class='ocrx_word' id='word_1_2' title='bbox 383 387 469 428; x_wconf 76' lang='lat' dir='ltr'>rarae</span> <span class='ocrx_word' id='word_1_3' title='bbox 482 371 630 428; x_wconf 75' lang='lat' dir='ltr'>lirarremr</span> <span class='ocrx_word' id='word_1_4' title='bbox 645 373 802 430; x_wconf 70' lang='lat' dir='ltr'>Danuuium</span> <span class='ocrx_word' id='word_1_5' title='bbox 819 389 856 428; x_wconf 80' lang='lat' dir='ltr'>ar</span> <span class='ocrx_word' id='word_1_6' title='bbox 870 371 1114 430; x_wconf 78' lang='lat' dir='ltr'>Caucasrsrraros.</span> <span class='ocrx_word' id='word_1_7' title='bbox 1198 363 1274 436; x_wconf 72' lang='grc'>445</span> 
     </span>
    </p>
   </div>
   <div class='ocr_carea' id='block_1_2' title="bbox 14 533 1276 3340">
    <p class='ocr_par' dir='ltr' id='par_1_2' title="bbox 97 533 1275 735">
     <span class='ocr_line' id='line_1_2' title="bbox 192 533 1275 624; baseline 0.005 -23"><span class='ocrx_word' id='word_1_8' title='bbox 192 533 329 604; x_wconf 78' lang='lat' dir='ltr'>Ceterum</span> <span class='ocrx_word' id='word_1_9' title='bbox 361 558 460 622; x_wconf 75' lang='lat' dir='ltr'>operm</span> <span class='ocrx_word' id='word_1_10' title='bbox 491 539 618 624; x_wconf 85' lang='lat' dir='ltr'>pretium</span> <span class='ocrx_word' id='word_1_11' title='bbox 649 539 775 614; x_wconf 84' lang='lat' dir='ltr'>ridetur.</span> <span class='ocrx_word' id='word_1_12' title='bbox 808 539 1022 606; x_wconf 85' lang='lat' dir='ltr'>Vilieharduiui</span> <span class='ocrx_word' id='word_1_13' title='bbox 1061 539 1156 605; x_wconf 87' lang='lat' dir='ltr'>locum</span> <span class='ocrx_word' id='word_1_14' title='bbox 1189 541 1275 606; x_wconf 88' lang='lat' dir='ltr'>hicce</span> 
     </span>
     <span class='ocr_line' id='line_1_3' title="bbox 97 645 611 735; baseline 0 -27"><span class='ocrx_word' id='word_1_15' title='bbox 97 645 277 712; x_wconf 78' lang='lat' dir='ltr'>adscribere</span> <span class='ocrx_word' id='word_1_16' title='bbox 294 645 359 735; x_wconf 84' lang='lat' dir='ltr'>(sd.</span> <span class='ocrx_word' id='word_1_17' title='bbox 376 647 470 711; x_wconf 86' lang='lat' dir='ltr'>Paris.</span> <span class='ocrx_word' id='word_1_18' title='bbox 487 667 516 730; x_wconf 86' lang='lat' dir='ltr'>p.</span> <span class='ocrx_word' id='word_1_19' title='bbox 535 645 611 734; x_wconf 81' lang='lat'>94):</span> 
     </span>
    </p>

    <p class='ocr_par' dir='ltr' id='par_1_3' title="bbox 14 756 1276 1698">
     <span class='ocr_line' id='line_1_4' title="bbox 195 756 1276 846; baseline 0 -24"><span class='ocrx_word' id='word_1_20' title='bbox 195 759 271 823; x_wconf 80' lang='lat' dir='ltr'>Lars</span> <span class='ocrx_word' id='word_1_21' title='bbox 280 759 447 845; x_wconf 73' lang='lat' dir='ltr'>perierem</span> <span class='ocrx_word' id='word_1_22' title='bbox 459 757 502 822; x_wconf 82' lang='lat' dir='ltr'>cil</span> <span class='ocrx_word' id='word_1_23' title='bbox 511 756 551 822; x_wconf 78' lang='lat' dir='ltr'>de</span> <span class='ocrx_word' id='word_1_24' title='bbox 567 757 807 822; x_wconf 63' lang='lat' dir='ltr'>recrementa</span> <span class='ocrx_word' id='word_1_25' title='bbox 819 765 850 822; x_wconf 87' lang='lat' dir='ltr'>ct</span> <span class='ocrx_word' id='word_1_26' title='bbox 862 759 1276 846; x_wconf 80' lang='lat' dir='ltr'>prietrcntconseilccmcnt</span> 
     </span>
     <span class='ocr_line' id='line_1_5' title="bbox 96 865 1275 952; baseline 0.002 -23"><span class='ocrx_word' id='word_1_27' title='bbox 96 865 126 930; x_wconf 83' lang='lat' dir='ltr'>il</span> <span class='ocrx_word' id='word_1_28' title='bbox 140 888 178 930; x_wconf 79' lang='lat' dir='ltr'>se</span> <span class='ocrx_word' id='word_1_29' title='bbox 193 866 440 932; x_wconf 80' lang='lat' dir='ltr'>contendrcient.</span> <span class='ocrx_word' id='word_1_30' title='bbox 463 867 558 931; x_wconf 69' lang='lat' dir='ltr'>Aeaea</span> <span class='ocrx_word' id='word_1_31' title='bbox 573 865 587 929; x_wconf 83' lang='lat' dir='ltr'>i</span> <span class='ocrx_word' id='word_1_32' title='bbox 601 873 633 930; x_wconf 82' lang='lat' dir='ltr'>ot</span> <span class='ocrx_word' id='word_1_33' title='bbox 647 867 746 952; x_wconf 61' lang='lat' dir='ltr'>paria</span> <span class='ocrx_word' id='word_1_34' title='bbox 767 875 798 930; x_wconf 85' lang='lat' dir='ltr'>ct</span> <span class='ocrx_word' id='word_1_35' title='bbox 818 876 914 933; x_wconf 83' lang='lat' dir='ltr'><em>avant</em></span> <span class='ocrx_word' id='word_1_36' title='bbox 936 875 966 933; x_wconf 80' lang='lat' dir='ltr'>et</span> <span class='ocrx_word' id='word_1_37' title='bbox 986 869 1118 934; x_wconf 83' lang='lat' dir='ltr'>arriere.</span> <span class='ocrx_word' id='word_1_38' title='bbox 1143 867 1227 932; x_wconf 84' lang='lat' dir='ltr'>Mais</span> <span class='ocrx_word' id='word_1_39' title='bbox 1243 869 1275 931; x_wconf 82' lang='lat' dir='ltr'>la</span> 
     </span>
     <span class='ocr_line' id='line_1_6' title="bbox 96 973 1275 1063; baseline 0.001 -24"><span class='ocrx_word' id='word_1_40' title='bbox 96 995 217 1039; x_wconf 71' lang='lat' dir='ltr'>summ</span> <span class='ocrx_word' id='word_1_41' title='bbox 232 975 285 1040; x_wconf 80' lang='lat' dir='ltr'>del</span> <span class='ocrx_word' id='word_1_42' title='bbox 299 975 418 1041; x_wconf 77' lang='lat' dir='ltr'>comcil</span> <span class='ocrx_word' id='word_1_43' title='bbox 427 977 466 1059; x_wconf 79' lang='lat' dir='ltr'>su</span> <span class='ocrx_word' id='word_1_44' title='bbox 481 975 534 1047; x_wconf 80' lang='lat' dir='ltr'>tel.</span> <span class='ocrx_word' id='word_1_45' title='bbox 551 995 610 1062; x_wconf 79' lang='lat' dir='ltr'>quc</span> <span class='ocrx_word' id='word_1_46' title='bbox 625 997 659 1040; x_wconf 86' lang='lat' dir='ltr'>se</span> <span class='ocrx_word' id='word_1_47' title='bbox 674 973 761 1039; x_wconf 68' lang='lat' dir='ltr'>Diem</span> <span class='ocrx_word' id='word_1_48' title='bbox 776 973 886 1039; x_wconf 79' lang='lat' dir='ltr'>donoit</span> <span class='ocrx_word' id='word_1_49' title='bbox 901 975 952 1063; x_wconf 71' lang='lat' dir='ltr'>qn*</span> <span class='ocrx_word' id='word_1_50' title='bbox 959 977 985 1040; x_wconf 84' lang='lat' dir='ltr'>il</span> <span class='ocrx_word' id='word_1_51' title='bbox 999 983 1174 1041; x_wconf 77' lang='lat' dir='ltr'>cntrcssent</span> <span class='ocrx_word' id='word_1_52' title='bbox 1189 999 1228 1040; x_wconf 82' lang='lat' dir='ltr'>cu</span> <span class='ocrx_word' id='word_1_53' title='bbox 1243 977 1275 1041; x_wconf 82' lang='lat' dir='ltr'>la</span> 
     </span>
     <span class='ocr_line' id='line_1_7' title="bbox 96 1083 1274 1171; baseline 0 -23"><span class='ocrx_word' id='word_1_54' title='bbox 96 1083 177 1148; x_wconf 78' lang='lat' dir='ltr'>cille</span> <span class='ocrx_word' id='word_1_55' title='bbox 198 1105 219 1148; x_wconf 85' lang='lat' dir='ltr'>c</span> <span class='ocrx_word' id='word_1_56' title='bbox 237 1085 341 1168; x_wconf 71' lang='lat' dir='ltr'>force,</span> <span class='ocrx_word' id='word_1_57' title='bbox 364 1105 424 1171; x_wconf 82' lang='lat' dir='ltr'>que</span> <span class='ocrx_word' id='word_1_58' title='bbox 443 1091 492 1148; x_wconf 76' lang='lat' dir='ltr'>tec</span> <span class='ocrx_word' id='word_1_59' title='bbox 513 1083 538 1148; x_wconf 80' lang='lat' dir='ltr'>a·</span> <span class='ocrx_word' id='word_1_60' title='bbox 556 1083 674 1170; x_wconf 68' lang='lat' dir='ltr'>quatur</span> <span class='ocrx_word' id='word_1_61' title='bbox 689 1083 773 1171; x_wconf 82' lang='lat' dir='ltr'>qu&#39;r‘l</span> <span class='ocrx_word' id='word_1_62' title='bbox 785 1083 799 1147; x_wconf 73' lang='lat' dir='ltr'>r·</span> <span class='ocrx_word' id='word_1_63' title='bbox 812 1084 909 1149; x_wconf 76' lang='lat' dir='ltr'>sarcit</span> <span class='ocrx_word' id='word_1_64' title='bbox 927 1085 1006 1168; x_wconf 77' lang='lat' dir='ltr'>scit.</span> <span class='ocrx_word' id='word_1_65' title='bbox 1028 1085 1125 1150; x_wconf 79' lang='lat' dir='ltr'>servit</span> <span class='ocrx_word' id='word_1_66' title='bbox 1145 1093 1274 1171; x_wconf 79' lang='lat' dir='ltr'>aportca</span> 
     </span>
     <span class='ocr_line' id='line_1_8' title="bbox 96 1191 1275 1279; baseline 0.002 -23"><span class='ocrx_word' id='word_1_67' title='bbox 96 1193 254 1258; x_wconf 70' lang='lat' dir='ltr'>emente</span> <span class='ocrx_word' id='word_1_68' title='bbox 274 1200 306 1257; x_wconf 83' lang='lat' dir='ltr'>ct</span> <span class='ocrx_word' id='word_1_69' title='bbox 325 1193 469 1279; x_wconf 67' lang='lat' dir='ltr'>depactis</span> <span class='ocrx_word' id='word_1_70' title='bbox 489 1194 758 1268; x_wconf 70' lang='lat' dir='ltr'>commendarent,</span> <span class='ocrx_word' id='word_1_71' title='bbox 780 1191 811 1256; x_wconf 82' lang='lat' dir='ltr'>si</span> <span class='ocrx_word' id='word_1_72' title='bbox 830 1212 915 1258; x_wconf 84' lang='lat' dir='ltr'>come</span> <span class='ocrx_word' id='word_1_73' title='bbox 934 1193 961 1257; x_wconf 83' lang='lat' dir='ltr'>il</span> <span class='ocrx_word' id='word_1_74' title='bbox 983 1193 1113 1258; x_wconf 67' lang='lat' dir='ltr'>dccccii.</span> <span class='ocrx_word' id='word_1_75' title='bbox 1144 1195 1186 1258; x_wconf 74' lang='lat' dir='ltr'>at</span> <span class='ocrx_word' id='word_1_76' title='bbox 1199 1215 1234 1257; x_wconf 88' lang='lat' dir='ltr'>se</span> <span class='ocrx_word' id='word_1_77' title='bbox 1249 1194 1275 1258; x_wconf 81' lang='lat' dir='ltr'>it</span> 
     </span>
     <span class='ocr_line' id='line_1_9' title="bbox 14 1300 1274 1388; baseline 0.003 -24"><span class='ocrx_word' id='word_1_78' title='bbox 14 1309 19 1318; x_wconf 89' lang='lat'><em>&#39;</em></span> <span class='ocrx_word' id='word_1_79' title='bbox 96 1301 232 1366; x_wconf 79' lang='lat' dir='ltr'>cstcicnt</span> <span class='ocrx_word' id='word_1_80' title='bbox 255 1301 379 1388; x_wconf 70' lang='lat' dir='ltr'>paesici</span> <span class='ocrx_word' id='word_1_81' title='bbox 403 1303 444 1367; x_wconf 83' lang='lat' dir='ltr'>de</span> <span class='ocrx_word' id='word_1_82' title='bbox 472 1302 504 1368; x_wconf 79' lang='lat' dir='ltr'>la</span> <span class='ocrx_word' id='word_1_83' title='bbox 533 1300 611 1372; x_wconf 70' lang='lat' dir='ltr'>cae.</span> <span class='ocrx_word' id='word_1_84' title='bbox 640 1301 695 1366; x_wconf 77' lang='lat' dir='ltr'>cic</span> <span class='ocrx_word' id='word_1_85' title='bbox 721 1300 826 1366; x_wconf 75' lang='lat' dir='ltr'>homes</span> <span class='ocrx_word' id='word_1_86' title='bbox 848 1301 984 1366; x_wconf 71' lang='lat' dir='ltr'>cerotem</span> <span class='ocrx_word' id='word_1_87' title='bbox 1009 1301 1049 1366; x_wconf 80' lang='lat' dir='ltr'>de</span> <span class='ocrx_word' id='word_1_88' title='bbox 1068 1302 1221 1368; x_wconf 79' lang='lat' dir='ltr'>Fraaccr‘e</span> <span class='ocrx_word' id='word_1_89' title='bbox 1243 1309 1274 1367; x_wconf 79' lang='lat' dir='ltr'>et</span> 
     </span>
     <span class='ocr_line' id='line_1_10' title="bbox 96 1407 1274 1496; baseline 0 -22"><span class='ocrx_word' id='word_1_90' title='bbox 96 1409 155 1474; x_wconf 78' lang='lat' dir='ltr'>six</span> <span class='ocrx_word' id='word_1_91' title='bbox 177 1410 216 1475; x_wconf 80' lang='lat' dir='ltr'>de</span> <span class='ocrx_word' id='word_1_92' title='bbox 246 1410 428 1483; x_wconf 72' lang='lat' dir='ltr'>Vanissimw,</span> <span class='ocrx_word' id='word_1_93' title='bbox 455 1418 485 1474; x_wconf 79' lang='lat' dir='ltr'>et</span> <span class='ocrx_word' id='word_1_94' title='bbox 505 1409 549 1475; x_wconf 79' lang='lat' dir='ltr'>cil</span> <span class='ocrx_word' id='word_1_95' title='bbox 566 1407 747 1493; x_wconf 80' lang='lat' dir='ltr'>jarercicnt</span> <span class='ocrx_word' id='word_1_96' title='bbox 767 1429 820 1474; x_wconf 85' lang='lat' dir='ltr'>scr</span> <span class='ocrx_word' id='word_1_97' title='bbox 839 1407 962 1485; x_wconf 82' lang='lat' dir='ltr'>Sainta,</span> <span class='ocrx_word' id='word_1_98' title='bbox 986 1431 1045 1496; x_wconf 79' lang='lat' dir='ltr'>qne</span> <span class='ocrx_word' id='word_1_99' title='bbox 1065 1409 1092 1474; x_wconf 81' lang='lat' dir='ltr'>il</span> <span class='ocrx_word' id='word_1_100' title='bbox 1112 1411 1274 1474; x_wconf 81' lang='lat' dir='ltr'>esliroient</span> 
     </span>
     <span class='ocr_line' id='line_1_11' title="bbox 95 1515 1274 1606; baseline 0.001 -24"><span class='ocrx_word' id='word_1_101' title='bbox 95 1539 118 1582; x_wconf 81' lang='lat' dir='ltr'>a</span> <span class='ocrx_word' id='word_1_102' title='bbox 144 1519 318 1606; x_wconf 69' lang='lat' dir='ltr'>Emperccr</span> <span class='ocrx_word' id='word_1_103' title='bbox 344 1519 426 1585; x_wconf 81' lang='lat' dir='ltr'>celui</span> <span class='ocrx_word' id='word_1_104' title='bbox 451 1519 504 1584; x_wconf 80' lang='lat' dir='ltr'>eui</span> <span class='ocrx_word' id='word_1_105' title='bbox 528 1519 555 1582; x_wconf 80' lang='lat' dir='ltr'>il</span> <span class='ocrx_word' id='word_1_106' title='bbox 580 1515 774 1583; x_wconf 80' lang='lat' dir='ltr'>cuideroient</span> <span class='ocrx_word' id='word_1_107' title='bbox 801 1537 860 1604; x_wconf 78' lang='lat' dir='ltr'>que</span> <span class='ocrx_word' id='word_1_108' title='bbox 883 1519 951 1602; x_wconf 76' lang='lat' dir='ltr'>sust</span> <span class='ocrx_word' id='word_1_109' title='bbox 972 1519 1047 1605; x_wconf 81' lang='lat' dir='ltr'>plus</span> <span class='ocrx_word' id='word_1_110' title='bbox 1073 1539 1093 1582; x_wconf 88' lang='lat' dir='ltr'>a</span> <span class='ocrx_word' id='word_1_111' title='bbox 1115 1522 1213 1606; x_wconf 79' lang='lat' dir='ltr'>profit</span> <span class='ocrx_word' id='word_1_112' title='bbox 1234 1520 1274 1583; x_wconf 82' lang='lat' dir='ltr'>de</span> 
     </span>
     <span class='ocr_line' id='line_1_12' title="bbox 98 1627 761 1698; baseline 0.012 -8"><span class='ocrx_word' id='word_1_113' title='bbox 98 1627 132 1690; x_wconf 85' lang='lat' dir='ltr'>la</span> <span class='ocrx_word' id='word_1_114' title='bbox 156 1633 251 1692; x_wconf 76' lang='lat' dir='ltr'>terre.</span> <span class='ocrx_word' id='word_1_115' title='bbox 758 1689 761 1698; x_wconf 71' lang='grc'>,</span> 
     </span>
    </p>

    <p class='ocr_par' dir='ltr' id='par_1_4' title="bbox 89 1733 1272 2038">
     <span class='ocr_line' id='line_1_13' title="bbox 189 1733 1271 1822; baseline 0 -22"><span class='ocrx_word' id='word_1_116' title='bbox 189 1737 231 1800; x_wconf 75' lang='lat' dir='ltr'>Et</span> <span class='ocrx_word' id='word_1_117' title='bbox 253 1735 298 1800; x_wconf 80' lang='lat' dir='ltr'>cil</span> <span class='ocrx_word' id='word_1_118' title='bbox 317 1736 373 1822; x_wconf 81' lang='lat' dir='ltr'>qui</span> <span class='ocrx_word' id='word_1_119' title='bbox 390 1737 577 1822; x_wconf 81' lang='lat' dir='ltr'>Empercrcs</span> <span class='ocrx_word' id='word_1_120' title='bbox 598 1734 694 1799; x_wconf 78' lang='lat' dir='ltr'>serait</span> <span class='ocrx_word' id='word_1_121' title='bbox 712 1755 778 1820; x_wconf 81' lang='lat' dir='ltr'>par</span> <span class='ocrx_word' id='word_1_122' title='bbox 793 1733 939 1798; x_wconf 77' lang='lat' dir='ltr'>celations</span> <span class='ocrx_word' id='word_1_123' title='bbox 954 1733 994 1797; x_wconf 84' lang='lat' dir='ltr'>dc</span> <span class='ocrx_word' id='word_1_124' title='bbox 1009 1735 1082 1810; x_wconf 80' lang='lat' dir='ltr'>cels,</span> <span class='ocrx_word' id='word_1_125' title='bbox 1098 1735 1129 1798; x_wconf 79' lang='lat' dir='ltr'>si</span> <span class='ocrx_word' id='word_1_126' title='bbox 1142 1737 1227 1800; x_wconf 80' lang='lat' dir='ltr'>croit</span> <span class='ocrx_word' id='word_1_127' title='bbox 1241 1735 1271 1800; x_wconf 86' lang='lat' dir='ltr'>la</span> 
     </span>
     <span class='ocr_line' id='line_1_14' title="bbox 95 1841 1272 1930; baseline 0 -23"><span class='ocrx_word' id='word_1_128' title='bbox 95 1851 192 1930; x_wconf 78' lang='lat' dir='ltr'>quart</span> <span class='ocrx_word' id='word_1_129' title='bbox 207 1843 247 1908; x_wconf 83' lang='lat' dir='ltr'>de</span> <span class='ocrx_word' id='word_1_130' title='bbox 262 1849 325 1907; x_wconf 81' lang='lat' dir='ltr'>tote</span> <span class='ocrx_word' id='word_1_131' title='bbox 341 1845 373 1906; x_wconf 87' lang='lat' dir='ltr'>lc</span> <span class='ocrx_word' id='word_1_132' title='bbox 389 1849 563 1930; x_wconf 71' lang='lat' dir='ltr'>conquesto,</span> <span class='ocrx_word' id='word_1_133' title='bbox 587 1849 618 1906; x_wconf 84' lang='lat' dir='ltr'>ct</span> <span class='ocrx_word' id='word_1_134' title='bbox 638 1841 757 1906; x_wconf 66' lang='lat' dir='ltr'>decena</span> <span class='ocrx_word' id='word_1_135' title='bbox 773 1844 805 1906; x_wconf 80' lang='lat' dir='ltr'>lc</span> <span class='ocrx_word' id='word_1_136' title='bbox 821 1842 884 1906; x_wconf 73' lang='lat' dir='ltr'>circ</span> <span class='ocrx_word' id='word_1_137' title='bbox 898 1849 927 1905; x_wconf 81' lang='lat' dir='ltr'>ct</span> <span class='ocrx_word' id='word_1_138' title='bbox 942 1841 982 1906; x_wconf 81' lang='lat' dir='ltr'>de</span> <span class='ocrx_word' id='word_1_139' title='bbox 993 1843 1073 1925; x_wconf 81' lang='lat' dir='ltr'>sors,</span> <span class='ocrx_word' id='word_1_140' title='bbox 1096 1851 1128 1906; x_wconf 82' lang='lat' dir='ltr'>et</span> <span class='ocrx_word' id='word_1_141' title='bbox 1141 1843 1226 1907; x_wconf 82' lang='lat' dir='ltr'>croit</span> <span class='ocrx_word' id='word_1_142' title='bbox 1242 1843 1272 1907; x_wconf 87' lang='lat' dir='ltr'>le</span> 
     </span>
     <span class='ocr_line' id='line_1_15' title="bbox 89 1949 862 2038; baseline -0.004 -22"><span class='ocrx_word' id='word_1_143' title='bbox 89 1951 203 2038; x_wconf 79' lang='lat' dir='ltr'>paleis</span> <span class='ocrx_word' id='word_1_144' title='bbox 219 1951 259 2016; x_wconf 85' lang='lat' dir='ltr'>de</span> <span class='ocrx_word' id='word_1_145' title='bbox 273 1950 464 2016; x_wconf 75' lang='lat' dir='ltr'>Bcarchelioc</span> <span class='ocrx_word' id='word_1_146' title='bbox 479 1956 510 2014; x_wconf 83' lang='lat' dir='ltr'>et</span> <span class='ocrx_word' id='word_1_147' title='bbox 525 1949 659 2014; x_wconf 73' lang='lat' dir='ltr'>ceruice</span> <span class='ocrx_word' id='word_1_148' title='bbox 674 1950 862 2036; x_wconf 76' lang='lat' dir='ltr'>Blaqucrnc.</span> 
     </span>
    </p>

    <p class='ocr_par' dir='ltr' id='par_1_5' title="bbox 93 2057 1270 2233">
     <span class='ocr_line' id='line_1_16' title="bbox 186 2057 1270 2145; baseline 0.002 -23"><span class='ocrx_word' id='word_1_149' title='bbox 186 2058 229 2123; x_wconf 81' lang='lat' dir='ltr'>Et</span> <span class='ocrx_word' id='word_1_150' title='bbox 239 2061 284 2124; x_wconf 83' lang='lat' dir='ltr'>les</span> <span class='ocrx_word' id='word_1_151' title='bbox 295 2059 374 2124; x_wconf 79' lang='lat' dir='ltr'>troia</span> <span class='ocrx_word' id='word_1_152' title='bbox 382 2080 464 2145; x_wconf 83' lang='lat' dir='ltr'>pars</span> <span class='ocrx_word' id='word_1_153' title='bbox 474 2057 610 2122; x_wconf 75' lang='lat' dir='ltr'>servierat</span> <span class='ocrx_word' id='word_1_154' title='bbox 623 2057 746 2145; x_wconf 78' lang='lat' dir='ltr'>partica</span> <span class='ocrx_word' id='word_1_155' title='bbox 757 2057 867 2144; x_wconf 78' lang='lat' dir='ltr'>panni</span> <span class='ocrx_word' id='word_1_156' title='bbox 877 2059 909 2122; x_wconf 82' lang='lat' dir='ltr'>la</span> <span class='ocrx_word' id='word_1_157' title='bbox 920 2058 1029 2122; x_wconf 60' lang='lat' dir='ltr'>moa&amp;</span> <span class='ocrx_word' id='word_1_158' title='bbox 1038 2079 1075 2123; x_wconf 85' lang='lat' dir='ltr'>as</span> <span class='ocrx_word' id='word_1_159' title='bbox 1093 2057 1270 2132; x_wconf 60' lang='lat' dir='ltr'>Veniemus.</span> 
     </span>
     <span class='ocr_line' id='line_1_17' title="bbox 93 2167 568 2233; baseline -0.006 -1"><span class='ocrx_word' id='word_1_160' title='bbox 93 2175 127 2232; x_wconf 78' lang='lat' dir='ltr'>et</span> <span class='ocrx_word' id='word_1_161' title='bbox 143 2169 175 2232; x_wconf 78' lang='lat' dir='ltr'>lc</span> <span class='ocrx_word' id='word_1_162' title='bbox 191 2167 298 2233; x_wconf 67' lang='lat' dir='ltr'>moitis!</span> <span class='ocrx_word' id='word_1_163' title='bbox 312 2190 332 2232; x_wconf 87' lang='lat' dir='ltr'>a</span> <span class='ocrx_word' id='word_1_164' title='bbox 348 2168 411 2232; x_wconf 82' lang='lat' dir='ltr'>cels</span> <span class='ocrx_word' id='word_1_165' title='bbox 426 2167 465 2230; x_wconf 85' lang='lat' dir='ltr'>de</span> <span class='ocrx_word' id='word_1_166' title='bbox 481 2167 502 2230; x_wconf 79' lang='grc' dir='ltr'><em>Γ</em></span> <span class='ocrx_word' id='word_1_167' title='bbox 511 2173 568 2230; x_wconf 81' lang='lat' dir='ltr'>est.</span> 
     </span>
    </p>

    <p class='ocr_par' dir='ltr' id='par_1_6' title="bbox 93 2273 1270 2688">
     <span class='ocr_line' id='line_1_18' title="bbox 186 2273 1270 2362; baseline 0.002 -24"><span class='ocrx_word' id='word_1_168' title='bbox 186 2277 228 2338; x_wconf 81' lang='lat' dir='ltr'>Et</span> <span class='ocrx_word' id='word_1_169' title='bbox 243 2277 307 2340; x_wconf 85' lang='lat' dir='ltr'>lore</span> <span class='ocrx_word' id='word_1_170' title='bbox 321 2275 458 2340; x_wconf 80' lang='lat' dir='ltr'>seroicnt</span> <span class='ocrx_word' id='word_1_171' title='bbox 471 2275 541 2361; x_wconf 82' lang='lat' dir='ltr'>pris</span> <span class='ocrx_word' id='word_1_172' title='bbox 553 2274 650 2338; x_wconf 73' lang='lat' dir='ltr'>douae</span> <span class='ocrx_word' id='word_1_173' title='bbox 661 2273 717 2338; x_wconf 84' lang='lat' dir='ltr'>des</span> <span class='ocrx_word' id='word_1_174' title='bbox 728 2276 804 2361; x_wconf 82' lang='lat' dir='ltr'>plus</span> <span class='ocrx_word' id='word_1_175' title='bbox 814 2295 905 2362; x_wconf 73' lang='lat' dir='ltr'>cayes</span> <span class='ocrx_word' id='word_1_176' title='bbox 919 2275 959 2340; x_wconf 84' lang='lat' dir='ltr'>dc</span> <span class='ocrx_word' id='word_1_177' title='bbox 975 2273 996 2338; x_wconf 83' lang='lat'>1·</span> <span class='ocrx_word' id='word_1_178' title='bbox 1004 2281 1051 2339; x_wconf 83' lang='lat' dir='ltr'>ost</span> <span class='ocrx_word' id='word_1_179' title='bbox 1061 2275 1116 2340; x_wconf 84' lang='lat' dir='ltr'>des</span> <span class='ocrx_word' id='word_1_180' title='bbox 1128 2275 1270 2362; x_wconf 70' lang='lat' dir='ltr'>petasius</span> 
     </span>
     <span class='ocr_line' id='line_1_19' title="bbox 93 2381 1270 2470; baseline -0.001 -21"><span class='ocrx_word' id='word_1_181' title='bbox 93 2393 126 2449; x_wconf 75' lang='lat' dir='ltr'>et</span> <span class='ocrx_word' id='word_1_182' title='bbox 159 2385 258 2448; x_wconf 73' lang='lat' dir='ltr'>douae</span> <span class='ocrx_word' id='word_1_183' title='bbox 289 2383 344 2448; x_wconf 83' lang='lat' dir='ltr'>des</span> <span class='ocrx_word' id='word_1_184' title='bbox 384 2381 570 2457; x_wconf 81' lang='lat' dir='ltr'>chiesiene‚</span> <span class='ocrx_word' id='word_1_185' title='bbox 605 2389 636 2447; x_wconf 83' lang='lat' dir='ltr'>et</span> <span class='ocrx_word' id='word_1_186' title='bbox 663 2383 708 2448; x_wconf 77' lang='lat' dir='ltr'>cil</span> <span class='ocrx_word' id='word_1_187' title='bbox 737 2383 967 2470; x_wconf 81' lang='lat' dir='ltr'>departiroicnt</span> <span class='ocrx_word' id='word_1_188' title='bbox 996 2384 1041 2446; x_wconf 80' lang='lat' dir='ltr'>les</span> <span class='ocrx_word' id='word_1_189' title='bbox 1070 2385 1130 2468; x_wconf 74' lang='lat' dir='ltr'>fica</span> <span class='ocrx_word' id='word_1_190' title='bbox 1162 2391 1191 2448; x_wconf 85' lang='lat' dir='ltr'>ct</span> <span class='ocrx_word' id='word_1_191' title='bbox 1225 2386 1270 2448; x_wconf 80' lang='lat' dir='ltr'>les</span> 
     </span>
     <span class='ocr_line' id='line_1_20' title="bbox 93 2489 1269 2578; baseline 0 -22"><span class='ocrx_word' id='word_1_192' title='bbox 93 2491 212 2557; x_wconf 72' lang='lat' dir='ltr'>honora</span> <span class='ocrx_word' id='word_1_193' title='bbox 231 2513 297 2578; x_wconf 82' lang='lat' dir='ltr'>par</span> <span class='ocrx_word' id='word_1_194' title='bbox 311 2493 356 2556; x_wconf 83' lang='lat' dir='ltr'>les</span> <span class='ocrx_word' id='word_1_195' title='bbox 372 2491 491 2563; x_wconf 68' lang='lat' dir='ltr'>iamnes,</span> <span class='ocrx_word' id='word_1_196' title='bbox 515 2497 545 2555; x_wconf 80' lang='lat' dir='ltr'>ct</span> <span class='ocrx_word' id='word_1_197' title='bbox 558 2489 765 2556; x_wconf 76' lang='lat' dir='ltr'>deviscrcr&#39;ent</span> <span class='ocrx_word' id='word_1_198' title='bbox 780 2492 852 2578; x_wconf 82' lang='lat' dir='ltr'>quel</span> <span class='ocrx_word' id='word_1_199' title='bbox 866 2491 1027 2556; x_wconf 66' lang='lat' dir='ltr'>resciscit</span> <span class='ocrx_word' id='word_1_200' title='bbox 1041 2512 1080 2555; x_wconf 84' lang='lat' dir='ltr'>en</span> <span class='ocrx_word' id='word_1_201' title='bbox 1097 2492 1233 2575; x_wconf 79' lang='lat' dir='ltr'>feroicnt</span> <span class='ocrx_word' id='word_1_202' title='bbox 1249 2513 1269 2556; x_wconf 89' lang='grc' dir='ltr'><em>α</em></span> 
     </span>
     <span class='ocr_line' id='line_1_21' title="bbox 94 2599 394 2688; baseline 0.007 -24"><span class='ocrx_word' id='word_1_203' title='bbox 94 2599 310 2688; x_wconf 72' lang='grc' dir='ltr'>ῑΕηιρενθον,</span> <span class='ocrx_word' id='word_1_204' title='bbox 388 2655 394 2666; x_wconf 93' lang='grc'><em>.</em></span> 
     </span>
    </p>

    <p class='ocr_par' dir='ltr' id='par_1_7' title="bbox 92 2707 1271 3119">
     <span class='ocr_line' id='line_1_22' title="bbox 185 2707 1271 2794; baseline -0.001 -21"><span class='ocrx_word' id='word_1_205' title='bbox 185 2709 265 2774; x_wconf 79' lang='lat' dir='ltr'>Ensr&#39;</span> <span class='ocrx_word' id='word_1_206' title='bbox 285 2713 324 2794; x_wconf 83' lang='lat' dir='ltr'>sa</span> <span class='ocrx_word' id='word_1_207' title='bbox 351 2716 433 2775; x_wconf 82' lang='lat' dir='ltr'>ceste</span> <span class='ocrx_word' id='word_1_208' title='bbox 453 2729 649 2774; x_wconf 78' lang='lat' dir='ltr'>converacrrcc</span> <span class='ocrx_word' id='word_1_209' title='bbox 675 2710 820 2772; x_wconf 72' lang='lat' dir='ltr'>asseurec</span> <span class='ocrx_word' id='word_1_210' title='bbox 843 2715 874 2774; x_wconf 82' lang='lat' dir='ltr'>et</span> <span class='ocrx_word' id='word_1_211' title='bbox 889 2708 985 2793; x_wconf 69' lang='lat' dir='ltr'>jaree</span> <span class='ocrx_word' id='word_1_212' title='bbox 1012 2707 1112 2772; x_wconf 80' lang='lat' dir='ltr'>d&#39;ace</span> <span class='ocrx_word' id='word_1_213' title='bbox 1134 2715 1213 2793; x_wconf 76' lang='lat' dir='ltr'>part</span> <span class='ocrx_word' id='word_1_214' title='bbox 1238 2715 1271 2772; x_wconf 83' lang='lat' dir='ltr'>et</span> 
     </span>
     <span class='ocr_line' id='line_1_23' title="bbox 92 2815 1269 2904; baseline -0.001 -22"><span class='ocrx_word' id='word_1_215' title='bbox 92 2817 125 2883; x_wconf 67' lang='grc' dir='ltr'><em>ἄ</em></span> <span class='ocrx_word' id='word_1_216' title='bbox 132 2825 226 2882; x_wconf 82' lang='lat' dir='ltr'>autre</span> <span class='ocrx_word' id='word_1_217' title='bbox 239 2818 295 2882; x_wconf 83' lang='lat' dir='ltr'>dee</span> <span class='ocrx_word' id='word_1_218' title='bbox 310 2818 463 2882; x_wconf 80' lang='lat' dir='ltr'>Francais</span> <span class='ocrx_word' id='word_1_219' title='bbox 477 2825 510 2882; x_wconf 81' lang='lat' dir='ltr'>ct</span> <span class='ocrx_word' id='word_1_220' title='bbox 525 2817 580 2882; x_wconf 85' lang='lat' dir='ltr'>des</span> <span class='ocrx_word' id='word_1_221' title='bbox 595 2815 773 2888; x_wconf 75' lang='lat' dir='ltr'>Vecisss&#39;ccs,</span> <span class='ocrx_word' id='word_1_222' title='bbox 789 2815 870 2904; x_wconf 79' lang='lat' dir='ltr'>qu&#39;a</span> <span class='ocrx_word' id='word_1_223' title='bbox 885 2815 997 2881; x_wconf 82' lang='lat' dir='ltr'>l&#39;issue</span> <span class='ocrx_word' id='word_1_224' title='bbox 1012 2815 1051 2880; x_wconf 85' lang='lat' dir='ltr'>de</span> <span class='ocrx_word' id='word_1_225' title='bbox 1065 2815 1156 2880; x_wconf 71' lang='lat' dir='ltr'>Mara</span> <span class='ocrx_word' id='word_1_226' title='bbox 1172 2837 1211 2880; x_wconf 82' lang='lat' dir='ltr'>cn</span> <span class='ocrx_word' id='word_1_227' title='bbox 1226 2838 1269 2881; x_wconf 79' lang='lat' dir='ltr'>un</span> 
     </span>
     <span class='ocr_line' id='line_1_24' title="bbox 93 2924 1269 3014; baseline -0.002 -22"><span class='ocrx_word' id='word_1_228' title='bbox 93 2949 137 2992; x_wconf 83' lang='lat' dir='ltr'>an</span> <span class='ocrx_word' id='word_1_229' title='bbox 156 2926 232 2992; x_wconf 79' lang='lat' dir='ltr'>s&#39;cn</span> <span class='ocrx_word' id='word_1_230' title='bbox 250 2928 376 3014; x_wconf 76' lang='lat' dir='ltr'>parroe&#39;t</span> <span class='ocrx_word' id='word_1_231' title='bbox 398 2928 480 2992; x_wconf 79' lang='lat' dir='ltr'>aller</span> <span class='ocrx_word' id='word_1_232' title='bbox 501 2925 556 3013; x_wconf 81' lang='lat' dir='ltr'>qui</span> <span class='ocrx_word' id='word_1_233' title='bbox 575 2925 726 3000; x_wconf 84' lang='lat' dir='ltr'>voldroit,</span> <span class='ocrx_word' id='word_1_234' title='bbox 750 2931 781 2988; x_wconf 80' lang='lat' dir='ltr'>et</span> <span class='ocrx_word' id='word_1_235' title='bbox 801 2924 845 2991; x_wconf 81' lang='lat' dir='ltr'>cil</span> <span class='ocrx_word' id='word_1_236' title='bbox 866 2925 921 3012; x_wconf 79' lang='lat' dir='ltr'>qui</span> <span class='ocrx_word' id='word_1_237' title='bbox 941 2925 1168 2990; x_wconf 77' lang='lat' dir='ltr'>demoreroicnt</span> <span class='ocrx_word' id='word_1_238' title='bbox 1182 2947 1221 2989; x_wconf 81' lang='lat' dir='ltr'>en</span> <span class='ocrx_word' id='word_1_239' title='bbox 1237 2927 1269 2990; x_wconf 84' lang='lat' dir='ltr'>la</span> 
     </span>
     <span class='ocr_line' id='line_1_25' title="bbox 92 3033 1267 3119; baseline -0.004 -20"><span class='ocrx_word' id='word_1_240' title='bbox 92 3043 191 3110; x_wconf 66' lang='lat' dir='ltr'>terre,</span> <span class='ocrx_word' id='word_1_241' title='bbox 205 3035 343 3100; x_wconf 79' lang='lat' dir='ltr'>seroient</span> <span class='ocrx_word' id='word_1_242' title='bbox 357 3043 432 3100; x_wconf 79' lang='lat' dir='ltr'>tenu</span> <span class='ocrx_word' id='word_1_243' title='bbox 447 3035 487 3100; x_wconf 78' lang='lat' dir='ltr'>dc</span> <span class='ocrx_word' id='word_1_244' title='bbox 501 3035 619 3099; x_wconf 79' lang='lat' dir='ltr'>service</span> <span class='ocrx_word' id='word_1_245' title='bbox 634 3055 654 3098; x_wconf 84' lang='lat' dir='ltr'>a</span> <span class='ocrx_word' id='word_1_246' title='bbox 670 3033 879 3119; x_wconf 81' lang='lat' dir='ltr'>l&#39;Emperecr·,</span> <span class='ocrx_word' id='word_1_247' title='bbox 896 3033 941 3097; x_wconf 83' lang='lat' dir='ltr'>tel</span> <span class='ocrx_word' id='word_1_248' title='bbox 955 3053 1021 3096; x_wconf 89' lang='lat' dir='ltr'>com</span> <span class='ocrx_word' id='word_1_249' title='bbox 1032 3033 1150 3097; x_wconf 71' lang='lat' dir='ltr'>ordene</span> <span class='ocrx_word' id='word_1_250' title='bbox 1162 3033 1267 3098; x_wconf 82' lang='lat' dir='ltr'>ccroit.</span> 
     </span>
    </p>

    <p class='ocr_par' dir='ltr' id='par_1_8' title="bbox 92 3141 1270 3340">
     <span class='ocr_line' id='line_1_26' title="bbox 182 3141 1270 3228; baseline -0.002 -20"><span class='ocrx_word' id='word_1_251' title='bbox 182 3144 263 3209; x_wconf 72' lang='lat' dir='ltr'>Erasi</span> <span class='ocrx_word' id='word_1_252' title='bbox 272 3147 310 3228; x_wconf 77' lang='lat' dir='ltr'>su</span> <span class='ocrx_word' id='word_1_253' title='bbox 322 3144 404 3228; x_wconf 80' lang='lat' dir='ltr'>faite</span> <span class='ocrx_word' id='word_1_254' title='bbox 420 3143 451 3208; x_wconf 84' lang='lat' dir='ltr'>la</span> <span class='ocrx_word' id='word_1_255' title='bbox 467 3164 662 3208; x_wconf 73' lang='lat' dir='ltr'>conversanae</span> <span class='ocrx_word' id='word_1_256' title='bbox 677 3149 708 3207; x_wconf 84' lang='lat' dir='ltr'>et</span> <span class='ocrx_word' id='word_1_257' title='bbox 723 3145 879 3217; x_wconf 71' lang='lat' dir='ltr'>asscurec,</span> <span class='ocrx_word' id='word_1_258' title='bbox 896 3149 926 3206; x_wconf 84' lang='lat' dir='ltr'>et</span> <span class='ocrx_word' id='word_1_259' title='bbox 935 3143 1138 3207; x_wconf 69' lang='lat' dir='ltr'>csccmmenid</span> <span class='ocrx_word' id='word_1_260' title='bbox 1150 3141 1210 3207; x_wconf 79' lang='lat' dir='ltr'>tuit</span> <span class='ocrx_word' id='word_1_261' title='bbox 1225 3141 1270 3208; x_wconf 84' lang='lat' dir='ltr'>cil</span> 
     </span>
     <span class='ocr_line' id='line_1_27' title="bbox 92 3251 448 3340; baseline -0.008 -24"><span class='ocrx_word' id='word_1_262' title='bbox 92 3253 148 3340; x_wconf 82' lang='lat' dir='ltr'>qui</span> <span class='ocrx_word' id='word_1_263' title='bbox 162 3275 203 3318; x_wconf 84' lang='lat' dir='ltr'>ne</span> <span class='ocrx_word' id='word_1_264' title='bbox 218 3255 248 3317; x_wconf 78' lang='lat' dir='ltr'>le</span> <span class='ocrx_word' id='word_1_265' title='bbox 263 3251 448 3317; x_wconf 81' lang='lat' dir='ltr'>tcndreicnt.</span> 
     </span>
    </p>
   </div>
   <div class='ocr_carea' id='block_1_3' title="bbox 89 3379 1266 4498">
    <p class='ocr_par' dir='ltr' id='par_1_9' title="bbox 89 3379 1266 4498">
     <span class='ocr_line' id='line_1_28' title="bbox 182 3379 1266 3478; baseline -0.006 -22"><span class='ocrx_word' id='word_1_266' title='bbox 182 3383 251 3456; x_wconf 89' lang='lat' dir='ltr'>Nos</span> <span class='ocrx_word' id='word_1_267' title='bbox 270 3383 398 3478; x_wconf 87' lang='lat' dir='ltr'>quidem</span> <span class='ocrx_word' id='word_1_268' title='bbox 417 3383 574 3454; x_wconf 86' lang='lat' dir='ltr'>Hearicus</span> <span class='ocrx_word' id='word_1_269' title='bbox 592 3381 775 3466; x_wconf 79' lang='lat' dir='ltr'>Daedalus,</span> <span class='ocrx_word' id='word_1_270' title='bbox 801 3381 853 3450; x_wconf 87' lang='lat' dir='ltr'>dei</span> <span class='ocrx_word' id='word_1_271' title='bbox 871 3381 983 3475; x_wconf 77' lang='lat' dir='ltr'>gracia</span> <span class='ocrx_word' id='word_1_272' title='bbox 1003 3379 1160 3464; x_wconf 74' lang='lat' dir='ltr'>venecia,</span> <span class='ocrx_word' id='word_1_273' title='bbox 1187 3379 1266 3452; x_wconf 87' lang='lat' dir='ltr'>Dal-</span> 
     </span>
     <span class='ocr_line' id='line_1_29' title="bbox 90 3505 1265 3606; baseline -0.005 -23"><span class='ocrx_word' id='word_1_274' title='bbox 90 3515 195 3583; x_wconf 87' lang='lat' dir='ltr'>macie</span> <span class='ocrx_word' id='word_1_275' title='bbox 214 3519 310 3606; x_wconf 87' lang='lat' dir='ltr'>atque</span> <span class='ocrx_word' id='word_1_276' title='bbox 325 3509 484 3582; x_wconf 82' lang='lat' dir='ltr'>Chroacie</span> <span class='ocrx_word' id='word_1_277' title='bbox 502 3511 584 3593; x_wconf 83' lang='lat' dir='ltr'>Dux,</span> <span class='ocrx_word' id='word_1_278' title='bbox 603 3531 663 3602; x_wconf 90' lang='lat' dir='ltr'>pro</span> <span class='ocrx_word' id='word_1_279' title='bbox 678 3514 772 3603; x_wconf 88' lang='lat' dir='ltr'>parte</span> <span class='ocrx_word' id='word_1_280' title='bbox 786 3513 897 3578; x_wconf 87' lang='lat' dir='ltr'>nostra</span> <span class='ocrx_word' id='word_1_281' title='bbox 912 3505 1093 3592; x_wconf 86' lang='lat' dir='ltr'>uobiscum,</span> <span class='ocrx_word' id='word_1_282' title='bbox 1112 3506 1265 3579; x_wconf 83' lang='lat' dir='ltr'>illustris-</span> 
     </span>
     <span class='ocr_line' id='line_1_30' title="bbox 90 3632 1266 3732; baseline -0.006 -21"><span class='ocrx_word' id='word_1_283' title='bbox 90 3640 161 3711; x_wconf 90' lang='lat' dir='ltr'>simi</span> <span class='ocrx_word' id='word_1_284' title='bbox 181 3645 215 3709; x_wconf 88' lang='lat' dir='ltr'>et</span> <span class='ocrx_word' id='word_1_285' title='bbox 232 3637 371 3732; x_wconf 89' lang='lat' dir='ltr'>preclari</span> <span class='ocrx_word' id='word_1_286' title='bbox 390 3637 570 3732; x_wconf 84' lang='lat' dir='ltr'><strong>principes,</strong></span> <span class='ocrx_word' id='word_1_287' title='bbox 596 3635 779 3708; x_wconf 84' lang='lat' dir='ltr'>Boniiacius</span> <span class='ocrx_word' id='word_1_288' title='bbox 797 3632 1027 3705; x_wconf 81' lang='lat' dir='ltr'>Montisferrati</span> <span class='ocrx_word' id='word_1_289' title='bbox 1046 3634 1206 3717; x_wconf 86' lang='lat' dir='ltr'>marchio,</span> <span class='ocrx_word' id='word_1_290' title='bbox 1232 3643 1266 3704; x_wconf 88' lang='lat' dir='ltr'>et</span> 
     </span>
     <span class='ocr_line' id='line_1_31' title="bbox 90 3759 1262 3845; baseline -0.007 -7"><span class='ocrx_word' id='word_1_291' title='bbox 90 3766 266 3838; x_wconf 86' lang='lat' dir='ltr'>Balduinus</span> <span class='ocrx_word' id='word_1_292' title='bbox 286 3762 397 3836; x_wconf 78' lang='lat' dir='ltr'>ccmes</span> <span class='ocrx_word' id='word_1_293' title='bbox 416 3763 566 3834; x_wconf 80' lang='lat' dir='ltr'>Flandrie</span> <span class='ocrx_word' id='word_1_294' title='bbox 585 3769 618 3833; x_wconf 89' lang='lat' dir='ltr'>et</span> <span class='ocrx_word' id='word_1_295' title='bbox 636 3761 809 3845; x_wconf 67' lang='lat' dir='ltr'>flammae,</span> <span class='ocrx_word' id='word_1_296' title='bbox 833 3759 1019 3831; x_wconf 84' lang='lat' dir='ltr'>Ludouicus</span> <span class='ocrx_word' id='word_1_297' title='bbox 1038 3783 1148 3831; x_wconf 87' lang='lat' dir='ltr'>eomes</span> <span class='ocrx_word' id='word_1_298' title='bbox 1166 3760 1262 3830; x_wconf 86' lang='lat' dir='ltr'>Bles-</span> 
     </span>
     <span class='ocr_line' id='line_1_32' title="bbox 90 3885 1263 3982; baseline -0.007 -18"><span class='ocrx_word' id='word_1_299' title='bbox 90 3895 195 3966; x_wconf 85' lang='lat' dir='ltr'>scasis</span> <span class='ocrx_word' id='word_1_300' title='bbox 216 3899 252 3964; x_wconf 88' lang='lat' dir='ltr'>et</span> <span class='ocrx_word' id='word_1_301' title='bbox 270 3891 496 3974; x_wconf 78' lang='lat' dir='ltr'>ctaremontis,</span> <span class='ocrx_word' id='word_1_302' title='bbox 517 3897 550 3960; x_wconf 89' lang='lat' dir='ltr'>et</span> <span class='ocrx_word' id='word_1_303' title='bbox 569 3887 663 3982; x_wconf 82' lang='lat' dir='ltr'>Hugo</span> <span class='ocrx_word' id='word_1_304' title='bbox 682 3887 794 3957; x_wconf 84' lang='lat' dir='ltr'>Sancti</span> <span class='ocrx_word' id='word_1_305' title='bbox 813 3885 913 3968; x_wconf 87' lang='lat' dir='ltr'>Pauli,</span> <span class='ocrx_word' id='word_1_306' title='bbox 938 3911 1011 3958; x_wconf 88' lang='lat' dir='ltr'>cum</span> <span class='ocrx_word' id='word_1_307' title='bbox 1029 3895 1123 3980; x_wconf 85' lang='lat' dir='ltr'>parte</span> <span class='ocrx_word' id='word_1_308' title='bbox 1141 3893 1263 3970; x_wconf 83' lang='lat' dir='ltr'>uestra,</span> 
     </span>
     <span class='ocr_line' id='line_1_33' title="bbox 91 4013 1266 4107; baseline -0.008 -15"><span class='ocrx_word' id='word_1_309' title='bbox 91 4021 133 4092; x_wconf 85' lang='lat' dir='ltr'>ad</span> <span class='ocrx_word' id='word_1_310' title='bbox 152 4021 234 4102; x_wconf 87' lang='lat' dir='ltr'>hoc,</span> <span class='ocrx_word' id='word_1_311' title='bbox 262 4027 299 4089; x_wconf 88' lang='lat' dir='ltr'>ut</span> <span class='ocrx_word' id='word_1_312' title='bbox 322 4017 427 4088; x_wconf 87' lang='lat' dir='ltr'>unitas</span> <span class='ocrx_word' id='word_1_313' title='bbox 451 4023 485 4088; x_wconf 86' lang='lat' dir='ltr'>et</span> <span class='ocrx_word' id='word_1_314' title='bbox 507 4017 598 4086; x_wconf 88' lang='lat' dir='ltr'>firma</span> <span class='ocrx_word' id='word_1_315' title='bbox 616 4015 701 4086; x_wconf 82' lang='lat' dir='ltr'>inter</span> <span class='ocrx_word' id='word_1_316' title='bbox 718 4037 779 4084; x_wconf 86' lang='lat' dir='ltr'>nos</span> <span class='ocrx_word' id='word_1_317' title='bbox 797 4013 900 4107; x_wconf 84' lang='lat' dir='ltr'>possit</span> <span class='ocrx_word' id='word_1_318' title='bbox 919 4037 993 4084; x_wconf 87' lang='lat' dir='ltr'>esse</span> <span class='ocrx_word' id='word_1_319' title='bbox 1012 4013 1205 4097; x_wconf 85' lang='lat' dir='ltr'>concordia,</span> <span class='ocrx_word' id='word_1_320' title='bbox 1231 4020 1266 4084; x_wconf 88' lang='lat' dir='ltr'>et</span> 
     </span>
     <span class='ocr_line' id='line_1_34' title="bbox 90 4139 1265 4234; baseline -0.007 -16"><span class='ocrx_word' id='word_1_321' title='bbox 90 4145 131 4218; x_wconf 86' lang='lat' dir='ltr'>ad</span> <span class='ocrx_word' id='word_1_322' title='bbox 151 4167 276 4217; x_wconf 85' lang='lat' dir='ltr'>omnem</span> <span class='ocrx_word' id='word_1_323' title='bbox 297 4143 462 4214; x_wconf 78' lang='lat' dir='ltr'>materiam</span> <span class='ocrx_word' id='word_1_324' title='bbox 482 4141 623 4213; x_wconf 84' lang='lat' dir='ltr'>scandali</span> <span class='ocrx_word' id='word_1_325' title='bbox 643 4141 842 4224; x_wconf 80' lang='lat' dir='ltr'>euitandam,</span> <span class='ocrx_word' id='word_1_326' title='bbox 861 4141 931 4234; x_wconf 90' lang='lat' dir='ltr'>ipso</span> <span class='ocrx_word' id='word_1_327' title='bbox 951 4139 1192 4234; x_wconf 54' lang='lat' dir='ltr'>cchcperantm</span> <span class='ocrx_word' id='word_1_328' title='bbox 1212 4141 1265 4233; x_wconf 88' lang='lat' dir='ltr'>qui</span> 
     </span>
     <span class='ocr_line' id='line_1_35' title="bbox 91 4265 1264 4366; baseline -0.006 -22"><span class='ocrx_word' id='word_1_329' title='bbox 91 4282 142 4344; x_wconf 88' lang='lat' dir='ltr'>est</span> <span class='ocrx_word' id='word_1_330' title='bbox 172 4297 234 4366; x_wconf 83' lang='lat' dir='ltr'>pax</span> <span class='ocrx_word' id='word_1_331' title='bbox 265 4279 395 4354; x_wconf 85' lang='lat' dir='ltr'>nostra,</span> <span class='ocrx_word' id='word_1_332' title='bbox 429 4275 462 4340; x_wconf 87' lang='lat' dir='ltr'>et</span> <span class='ocrx_word' id='word_1_333' title='bbox 488 4269 566 4340; x_wconf 85' lang='lat' dir='ltr'>fecit</span> <span class='ocrx_word' id='word_1_334' title='bbox 597 4275 732 4361; x_wconf 86' lang='lat' dir='ltr'>utraque</span> <span class='ocrx_word' id='word_1_335' title='bbox 764 4289 879 4350; x_wconf 85' lang='lat' dir='ltr'>unum,</span> <span class='ocrx_word' id='word_1_336' title='bbox 909 4265 949 4336; x_wconf 87' lang='lat' dir='ltr'>ad</span> <span class='ocrx_word' id='word_1_337' title='bbox 979 4267 1048 4337; x_wconf 91' lang='lat' dir='ltr'>eius</span> <span class='ocrx_word' id='word_1_338' title='bbox 1075 4266 1202 4337; x_wconf 88' lang='lat' dir='ltr'>laudern</span> <span class='ocrx_word' id='word_1_339' title='bbox 1230 4275 1264 4337; x_wconf 86' lang='lat' dir='ltr'>et</span> 
     </span>
     <span class='ocr_line' id='line_1_36' title="bbox 89 4393 1263 4498; baseline -0.006 -25"><span class='ocrx_word' id='word_1_340' title='bbox 89 4402 245 4498; x_wconf 78' lang='lat' dir='ltr'>gloriam,</span> <span class='ocrx_word' id='word_1_341' title='bbox 270 4398 367 4470; x_wconf 87' lang='lat' dir='ltr'>talem</span> <span class='ocrx_word' id='word_1_342' title='bbox 393 4395 536 4467; x_wconf 84' lang='lat' dir='ltr'>duximus</span> <span class='ocrx_word' id='word_1_343' title='bbox 556 4396 698 4465; x_wconf 85' lang='lat' dir='ltr'>ordinem</span> <span class='ocrx_word' id='word_1_344' title='bbox 723 4393 979 4478; x_wconf 83' lang='lat' dir='ltr'>obseruandum,</span> <span class='ocrx_word' id='word_1_345' title='bbox 1007 4401 1145 4488; x_wconf 85' lang='lat' dir='ltr'>utraque</span> <span class='ocrx_word' id='word_1_346' title='bbox 1170 4407 1263 4489; x_wconf 86' lang='lat' dir='ltr'>parte</span> 
     </span>
    </p>
   </div>
   <div class='ocr_carea' id='block_1_4' title="bbox 89 4526 441 4601">
    <p class='ocr_par' dir='ltr' id='par_1_10' title="bbox 89 4526 441 4601">
     <span class='ocr_line' id='line_1_37' title="bbox 89 4526 441 4601; baseline -0.006 -3"><span class='ocrx_word' id='word_1_347' title='bbox 89 4529 270 4601; x_wconf 86' lang='lat' dir='ltr'>iuramento</span> <span class='ocrx_word' id='word_1_348' title='bbox 290 4526 441 4597; x_wconf 85' lang='lat' dir='ltr'>astricta:</span> 
     </span>
    </p>
   </div>
   <div class='ocr_carea' id='block_1_5' title="bbox 0 0 1560 5080">
    <p class='ocr_par' dir='ltr' id='par_1_11' title="bbox 0 0 1560 5080">
     <span class='ocr_line' id='line_1_38' title="bbox 0 0 1560 5080; baseline 0 2"><span class='ocrx_word' id='word_1_349' title='bbox 0 0 1560 5080; x_wconf 95' lang='lat' dir='ltr'> </span> 
     </span>
    </p>
   </div>
  </div>
 </body>
</html>
