3110 5080
390 349 574 401 Pnrvrueorum
590 347 694 400 Leonis
708 347 729 398 ll
744 347 855 400 Annon.
871 363 961 400 neers.
1191 337 1267 408 375

74 513 251 595 Byzantina}
275 511 480 597 prodiderunt.
505 509 566 575 llos
583 531 657 594 ergo
674 511 710 575 ab
735 513 793 576 isto
810 513 882 576 inde
906 517 1043 597 tempore
1066 513 1172 578 multas
1190 511 1269 578 Asia

77 623 209 688 minoris
226 628 328 709 partes
345 621 547 688 occidentales
564 643 750 706 occupasse,
774 623 822 687 cui
846 622 876 687 id
900 621 1081 689 incredibile
1097 623 1271 690 videbitur?

76 731 160 815 Quid
177 751 250 798 vero
268 731 305 797 de
322 733 391 796 latis
408 733 613 797 Armeniorum
632 732 759 798 Cilicum
777 739 838 798 tum
854 733 999 818 temporis
1016 733 1198 799 statuimus?
1221 730 1270 798 Nil

74 844 255 914 statuimus,
280 846 401 906 tacente
424 841 567 914 historia,
594 841 647 906 sed
675 845 868 906 autumamus.
894 841 1063 907 Emanuelis
1079 841 1272 927 imperatoris

74 953 206 1036 proximi
218 971 415 1016 successores
423 949 603 1038 (Alexiule
610 951 808 1026 Andronicus,
817 951 942 1038 Angeli)
953 953 994 1016 nil
1007 951 1072 1016 lere
1083 949 1274 1016 contra'l'ur·

76 1061 509 1144 sustentarunt,nequeetiam
520 1063 623 1124 contra
632 1057 869 1124 Cilicasllorum
881 1078 955 1142 ergo
966 1057 1274 1144 clientelaByzantina

73 1171 140 1252 jam
159 1169 240 1233 nulla
257 1175 318 1232 tum
335 1169 429 1234 luisse
444 1166 576 1241 videtum
603 1188 698 1254 nequo
719 1171 808 1233 etiam
826 1169 862 1232 ab
880 1169 1029 1253 equitibus
1053 1173 1143 1232 terrae
1160 1179 1273 1233 sanctae

77 1277 264 1344 Christianis
280 1279 402 1344 multum
418 1277 578 1343 timendum
596 1283 677 1352 erat;
700 1279 808 1342 Turcae
826 1297 896 1341 vero
913 1277 1058 1341 maritima
1074 1283 1135 1342 tum
1152 1275 1273 1362 quidem

76 1387 280 1473 appetebant,
304 1409 360 1453 nco
381 1394 479 1452 tamon
500 1387 562 1472 jam
585 1387 736 1452 tenebant.
766 1387 899 1469 Regnum
921 1387 1013 1470 igitur
1029 1385 1154 1452 Cilicum
1172 1387 1275 1450 Arme-

80 1498 201 1561 niorum
224 1497 345 1562 ridetur
368 1497 428 1562 bne
449 1497 545 1563 seculi
574 1496 743 1562 duodecimi
767 1497 796 1560 in
820 1497 885 1561 sinu
910 1495 1130 1560 Alexandrcttae
1157 1495 1273 1561 initium

80 1608 236 1671 orientale
252 1605 405 1677 babuisse.
422 1629 488 1671 mox
501 1625 573 1670 vero
586 1611 690 1671 versus
705 1607 895 1671 occidentem
908 1604 1065 1670 admodum
1079 1626 1276 1691 progressum

81 1717 199 1789 luisse;
235 1717 278 1781 ita
305 1721 337 1781 ut
363 1737 421 1781 una
444 1721 512 1801 post
534 1717 656 1781 alteram
678 1718 754 1781 Asiae
779 1717 902 1782 minoris
925 1723 957 1780 et
977 1715 1180 1781 meridionalis
1203 1715 1276 1781 urbs

81 1827 233 1890 maritima
249 1845 344 1907 regno
360 1826 412 1888 isti
428 1825 631 1890 Armeniorum
649 1831 813 1909 temporum
831 1824 961 1888 decursu
978 1823 1201 1908 adjungeretur.

176 1935 221 1997 En
235 1935 330 2017 igitur
341 1933 418 1998 bono
431 1931 633 2018 Geograpbiae
646 1931 737 1996 medii
751 1935 805 1997 aevi
818 1937 942 2018 partem,
956 1954 972 1996 a
986 1933 1082 1998 doctis
1097 1933 1280 2017 neglectam,

81 2045 112 2107 in
123 2043 206 2108 clara
217 2044 358 2127 pervices
371 2051 489 2108 nostras
500 2043 569 2108 luce
578 2065 733 2128 ponemus,
748 2043 823 2108 duce
836 2045 1022 2128 potissimum
1031 2045 1077 2108 usi
1090 2041 1117 2128 ¹)
1130 2045 1279 2130 scriptore

82 2151 182 2219 seculi
204 2152 267 2216 Xlll
292 2157 322 2216 el
347 2151 413 2218 xlv
436 2151 688 2237 locupletissimo.
718 2153 832 2216 Marino
855 2153 968 2216 Sanuto
991 2155 1020 2217 in
1044 2153 1181 2218 Secretis
1203 2151 1280 2218 lide-

83 2261 156 2326 lium
182 2264 282 2326 crucis
307 2259 419 2348 (Gesta
436 2259 485 2324 dei
502 2280 556 2345 per·
572 2261 721 2333 Francos,
745 2261 791 2324 ed.
809 2261 970 2343 bongars,
987 2259 1023 2324 T.
1042 2261 1078 2332 ll.
1095 2283 1125 2346 p.
1141 2261 1182 2326 88
1201 2283 1278 2349 sqq„

83 2370 155 2436 coll.
173 2371 285 2436 ibidem
303 2371 403 2436 tabula
421 2370 524 2434 Sanuti
541 2371 746 2454 geographica
764 2369 885 2456 tentia):

178 2481 380 2545 Maritimae
405 2483 608 2552 contratae,
641 2481 698 2543 cui
734 2499 795 2542 ren
830 2481 1013 2544 Armenio
1043 2479 1281 2552 dominatur,

86 2609 101 2652 a
139 2589 373 2654 confinibus
412 2589 613 2672 subjectis
648 2585 831 2660 Soldano,
871 2609 911 2652 ac
951 2589 1063 2652 etiam
1104 2589 1282 2672 partibus

88 2699 288 2776 Turcbiae‚
313 2719 329 2761 a
354 2698 480 2762 latere
505 2697 804 2783 septentrionis.

177 2809 206 2874 A
225 2809 411 2874 Gromclo
425 2807 451 2893 ¹)
471 2829 569 2896 usquo
591 2809 635 2872 od
654 2813 787 2872 montem
806 2805 983 2892 copone),
1004 2829 1066 2894 per
1081 2806 1281 2894 Moplotrom,

88 2921 144 2985 XX
162 2919 268 2983 millio
297 2923 531 3005 computantur.
563 2917 590 2981 A
610 2923 713 2982 moreto
739 2917 842 3001 Coybo
871 2917 915 2980 od
940 2915 1196 3001 balacium),
1221 2939 1285 3005 pcr

89 3027 296 3094 Occidentem
311 3047 421 3092 ocrem
440 3027 611 3091 Gordianum
627 3027 822 3112 macipando,
844 3025 982 3112 spatium
999 3025 1030 3088 X
1033 3025 1053 3090 V
1062 3025 1182 3089 milium
1199 3046 1284 3091 com-

86 3143 236 3225 putator.
262 3135 289 3200 A
312 3135 444 3200 Loioer'o
465 3137 510 3200 od
524 3141 688 3221 portum
712 3135 786 3196 Pol
794 3133 807 3196 l
814 3131 971 3217 oratori),
998 3133 1181 3220 macipando
1203 3135 1287 3201 inter

89 3247 268 3313 Gordianum
298 3254 330 3310 ct
356 3243 574 3319 Occidentem,
607 3243 696 3306 millo
718 3249 791 3307 suat
814 3243 937 3316 decen,
972 3241 1135 3307 balacium
1157 3251 1287 3332 portam

1 3365 2 3368 ’
89 3357 186 3423 babet
200 3364 234 3421 ct
250 3355 369 3420 eiccom
383 3375 478 3418 onom
501 3361 575 3418 onte
589 3373 640 3428 sc,
664 3373 731 3438 quc
747 3351 875 3415 ocellum
896 3350 963 3417 coci
979 3357 1106 3438 potcst5
1129 3353 1174 3418 od
1194 3376 1287 3442 parom

1 3569 2 3598 ³
112 3572 141 3644 ¹)
161 3571 266 3626 Nomen
280 3587 295 3624 a
310 3569 383 3623 nobis
397 3567 510 3622 nondum
523 3565 548 3620 lo
562 3565 619 3620 aliis
632 3565 807 3637 scriptoribus
821 3565 964 3620 detectum.

1 3717 2 3724 ,
113 3664 142 3738 ⁸)
162 3664 237 3718 ldern
250 3661 322 3716 volet
336 3660 370 3713 de
383 3659 460 3729 hujus
473 3658 567 3712 montis
580 3657 691 3710 nomine.

113 3755 142 3830 ⁸)
162 3755 248 3826 Hujus
261 3751 335 3806 vocis
357 3750 464 3804 initialia
482 3748 582 3802 literal
599 3747 737 3810 articulus,
755 3747 834 3801 medii
847 3749 893 3802 ovi
908 3750 1070 3821 geographis
1090 3749 1287 3817 usitatissimus,

163 3861 227 3900 esse
249 3844 326 3898 nobis
345 3840 450 3912 quidem
466 3839 578 3902 videtur,
600 3843 630 3892 ut
643 3837 807 3892 scribendum
820 3839 877 3892 lere
891 3839 972 3893 luerit
985 3839 1013 3893 L'
1025 3841 1054 3894 ai
1064 3843 1179 3897 aulum.
1200 3843 1287 3916 lpsum

164 3954 227 3991 vero
252 3933 305 3988 loci
332 3949 425 3986 nomen
452 3932 478 3984 in
500 3931 612 3984 obscuro
631 3934 759 3984 versatur.
790 3930 828 3983 An
847 3929 1030 4000 significantur
1052 3936 1157 3988 veteres
1174 3933 1288 4006 aega,

164 4042 252 4100 prope
265 4026 351 4078 issum
369 4024 471 4094 positae,
490 4021 551 4075 coll.
564 4021 707 4090 Forbigcro
721 4019 747 4072 in
760 4019 859 4074 llandb.
874 4021 922 4074 der
940 4021 1010 4076 alten
1029 4023 1197 4097 Geograpbie
1213 4027 1289 4092 1211,

164 4139 190 4191 p.
205 4117 282 4174 2892
302 4115 382 4168 Adde
395 4113 506 4168 eundem
521 4113 538 4166 l.
552 4129 575 4166 c.
588 4129 615 4183 p.
629 4112 691 4173 278,
710 4114 763 4164 not.
778 4113 804 4164 A.
824 4113 852 4166 ln
865 4113 954 4167 tabula
968 4131 1030 4168 vero
1043 4116 1156 4170 Willreni
1171 4135 1287 4190 geogra-

163 4209 243 4281 phica
262 4205 387 4278 superius
410 4205 488 4259 citata
508 4203 603 4256 ibidem
623 4203 746 4255 babemus
765 4203 851 4256 locum
868 4206 895 4256 et
914 4208 1123 4274 promuntorium
1141 4208 1234 4280 Ajar,
1255 4211 1290 4266 de

165 4317 219 4373 quo
234 4319 258 4354 v.
272 4295 445 4364 Forbigerum
459 4293 477 4347 l.
490 4309 514 4347 c.
535 4296 561 4346 et
575 4291 766 4347 Canastrinium
780 4294 797 4347 l.
811 4293 828 4346 l.
842 4313 870 4366 p.
885 4295 946 4357 370,
961 4295 1002 4350 cui
1017 4297 1043 4351 in
1057 4297 1105 4353 bac
1120 4319 1185 4355 noce
1198 4304 1291 4358 lasus

164 4391 250 4444 latere
274 4386 389 4441 ridetur.
422 4385 518 4438 Urbem
540 4387 655 4437 nostram
675 4383 751 4454 bajas
770 4383 831 4438 olibi
854 4402 960 4456 quoque
984 4387 1101 4443 Sunutus
1123 4391 1149 4445 in
1171 4392 1292 4464 epistolia

164 4479 270 4554 pridem
284 4477 364 4531 editis
377 4477 513 4535 memorat,
527 4476 587 4528 coll.
602 4476 778 4528 llunstmanno
794 4475 810 4529 Ι.
824 4493 847 4528 c.
862 4494 923 4548 pag.
938 4477 973 4531 42
987 4497 1029 4550 sq.

118 4571 145 4645 ⁸)
166 4571 296 4626 Scribere
311 4565 426 4620 debebat
439 4565 599 4618 Pulcrum.
619 4565 717 4619 Nomen
731 4567 805 4619 nobis
820 4567 990 4638 incognitum.
