3120 5078
389 369 579 428 Fannianorum
593 373 698 429 Leonis
711 375 734 429 il
746 374 859 430 nones.
871 392 962 432 anons.
1192 372 1268 444 373

170 537 291 610 Actum
325 547 375 612 est
405 541 469 614 hoc
495 542 643 629 Varenus,
681 547 713 615 in
745 547 911 633 Rivoalto,
946 551 977 620 in
1009 549 1131 644 palatio
1165 555 1266 627 Ducis

68 665 231 758 predicti.

167 791 254 864 Data
272 817 333 887 per
352 818 478 866 manum
493 795 635 867 Pascalis
651 797 776 882 Mauro,
796 799 985 873 subdiaconi
1001 809 1033 875 ct
1048 813 1163 877 nostre
1178 809 1268 881 curie

66 920 281 1004 cancellarii,
307 945 392 992 anno
417 923 647 996 incarnationis
676 925 795 996 domini
824 927 991 1001 millesimo
1022 930 1265 1006 ducentessimo

66 1049 181 1140 primo
202 1050 323 1120 mensis
342 1049 474 1144 Aprilis,
494 1050 670 1123 indictione
691 1061 816 1144 quarta.

168 1175 247 1269 Ego
266 1175 435 1262 vivianus,
463 1177 607 1270 scriptor
634 1179 780 1251 notarius
805 1186 839 1252 et
860 1180 962 1274 judex
982 1182 1103 1254 domini
1122 1185 1266 1270 chrici,

65 1305 299 1375 Romanorum
327 1303 552 1397 imperatoris,
582 1307 799 1377 auctenticum
824 1306 918 1378 huius
945 1309 1008 1379 ridi
1033 1317 1066 1382 et
1090 1310 1175 1405 logi,
1204 1335 1266 1385 nec

66 1431 185 1502 addidi
215 1454 277 1503 nec
303 1432 420 1516 minui,
446 1433 506 1504 nisi
533 1433 621 1526 quod
647 1435 680 1504 in
705 1457 744 1504 eo
764 1435 885 1518 inveni;
917 1435 1057 1532 ideoque
1075 1437 1216 1510 fideliter
1235 1442 1267 1512 in

64 1558 156 1629 libro
169 1559 235 1630 isto
247 1559 435 1654 exemplavi,
451 1565 483 1630 et
492 1561 625 1654 propria
640 1584 733 1631 manu
749 1584 820 1633 mea
831 1561 951 1634 firmavi
962 1571 1059 1656 atque
1069 1565 1262 1662 subscripsi.

617 1723 725 1794 XCIV.

64 1847 265 1928 rnvuegnn
276 1846 381 1910 turis
394 1847 420 1910 ΙΙ
432 1847 511 1927 rogis
523 1848 721 1910 insulamn
738 1848 906 1912 donationis
922 1853 952 1912 ct
968 1823 1168 1916 concessionis
1184 1855 1264 1920 tecte

64 1958 193 2022 ioniae
215 1957 338 2022 lemica
354 1957 504 2035 tantulo,
526 1956 817 2036 incitantium,
838 1977 892 2040 pro
915 1960 1076 2024 securitate
1092 1962 1265 2028 Venetorum

409 2068 440 2132 ln
457 2067 519 2132 suls
536 2067 670 2149 partitus
686 2067 934 2131 conversantium.

465 2181 497 2236 Α.
511 2180 537 2234 d.
551 2181 631 2244 1201,
643 2197 733 2234 menso
746 2180 892 2234 Decembri.

162 2283 257 2348 Liber
272 2283 365 2348 Albus
383 2281 433 2346 ru.
451 2281 642 2348 228-229.
666 2281 758 2346 Liber
774 2283 931 2347 Factorum
949 2283 971 2361 1,
988 2283 1063 2349 258.
1088 2286 1122 2358 Π,
1140 2288 1171 2350 ὅ.
1197 2289 1260 2352 cn.

63 2396 190 2461 Marin
207 2395 244 2457 T.
263 2393 313 2466 IV,
330 2415 359 2479 p.
379 2393 459 2456 155:
484 2393 560 2472 „Ma
580 2394 742 2479 perlando
763 2413 822 2457 con
840 2393 901 2479 piis
921 2396 1060 2460 anacleto
1077 2396 1262 2482 precisione

63 2507 125 2572 del
144 2503 348 2576 commercio,
372 2503 430 2574 eise
450 2502 480 2567 si
501 2523 600 2566 nocco
616 2523 674 2568 con
695 2501 878 2573 lamento,
899 2503 962 2568 doe
977 2505 1067 2590 pata·
1080 2527 1120 2569 ne
1135 2515 1263 2574 restano

63 2615 128 2680 dai
156 2614 248 2700 quali
272 2613 303 2677 ai
333 2616 397 2699 pud
419 2613 662 2676 assolutamente
692 2633 710 2674 e
738 2633 834 2675 senaa
862 2619 1045 2698 conpctture
1072 2618 1262 2681 conoscerlo.

63 2724 180 2789 L'ano
201 2725 219 2786 ὲ
240 2723 276 2787 di
299 2723 401 2786 Leone
423 2720 482 2786 elec
505 2721 537 2786 Ia
559 2720 802 2806 sipoorcppinoo
822 2723 877 2785 ccl
896 2722 982 2786 1201
1001 2725 1084 2805 fatto
1106 2727 1157 2788 col
1176 2727 1265 2814 Depo

63 2833 191 2898 Emtae
214 2832 362 2898 Dandolo
387 2850 445 2896 con
459 2829 486 2894 il
502 2850 606 2894 macac
627 2829 663 2894 dt
679 2828 820 2915 Giaoopo
844 2831 1002 2902 Bodoaro,
1023 2831 1262 2900 Ambasciutorc

64 2943 158 3008 dello
174 2941 381 3028 Repabdiica,
405 2959 491 3004 come
507 2939 540 3004 in
556 2959 623 3004 csso
636 2945 728 3024 patto
743 2938 774 3002 oi
788 2941 880 3025 Ioppe
894 2939 982 3004 els'io
998 2947 1091 3028 tenpo
1106 2945 1261 3017 mutilato,

63 3075 120 3118 ma
133 3051 195 3116 clue
207 3051 302 3116 emate
313 3071 379 3136 per
390 3048 411 3112 Γ
422 3048 524 3112 intero
540 3047 589 3112 ne*
607 3048 682 3112 libri
692 3053 870 3133 pactorum,
886 3050 928 3112 cd
941 3052 958 3113 ὲ
970 3071 1013 3114 on
1028 3052 1263 3136 preciosissimo

64 3163 289 3228 doeummatffl.
303 3155 496 3238 Privilcgium
509 3159 640 3218 nostrum
655 3175 750 3238 nuper
762 3154 872 3218 editum
885 3160 930 3219 est
943 3157 973 3218 in
987 3157 1105 3221 Archi
1115 3161 1175 3223 vio
1188 3167 1261 3225 stor.

63 3270 132 3334 ital.
151 3266 283 3352 append.
300 3267 335 3330 Τ.
352 3266 401 3337 ΙΧ,
418 3285 447 3350 p.
466 3263 652 3330 asi-364.

161 3377 305 3442 Veterem
321 3374 456 3440 Ciliciam
479 3373 577 3438 medio
593 3393 655 3436 aevo
672 3373 840 3436 Armeniam
863 3373 1008 3438 minorem
1025 3375 1135 3440 dictam
1154 3376 1262 3454 tuisse,

64 3489 223 3554 neminem
239 3487 395 3551 doctorum
411 3483 507 3546 latere
523 3487 668 3566 putamus.
694 3480 790 3544 Causa
803 3501 923 3567 quoque
939 3481 1028 3564 hujus
1045 3483 1264 3552 denominatio-

64 3601 113 3663 nis
130 3599 163 3661 in
181 3599 288 3680 aperto
306 3599 362 3658 est.
388 3592 500 3658 Secula
521 3590 678 3654 undecimo
704 3609 770 3654 cum
795 3610 884 3672 reges
908 3592 1056 3656 Armaniae
1078 3596 1202 3678 proprie
1218 3597 1262 3661 sic

65 3709 170 3779 dictae,
189 3726 207 3769 e
226 3705 323 3788 stirpe
340 3701 568 3786 Pagratidarum
585 3697 712 3770 oriundi,
729 3699 894 3762 Turcarum
907 3699 1105 3766 lconiensium
1121 3704 1264 3768 ferociam

63 3819 152 3881 serre
177 3813 307 3877 ulterius
332 3831 390 3873 non
414 3814 557 3894 possent,
581 3812 691 3870 tenram
708 3826 806 3878 suam,
833 3805 869 3868 ab
887 3807 953 3871 istis
969 3806 1108 3873 barbaris
1124 3811 1189 3874 sene
1201 3812 1264 3894 jam

64 3928 264 4010 occupatam,
289 3920 464 3984 Graecorum
486 3913 718 4001 Imperatoribus
742 3914 969 3987 commiserunt,
999 3937 1014 3979 a
1040 3918 1148 4002 quibus
1171 3921 1262 3984 urbes

64 4035 215 4119 quasdam
229 4031 259 4094 in
271 4029 374 4094 Tauro
387 4027 504 4091 Ciliciae
520 4023 629 4088 confini
646 4024 693 4087 his
706 4023 843 4105 profugis
857 4043 1021 4088 concessas
1039 4027 1133 4092 fuisse
1149 4049 1265 4095 memo·

62 4147 118 4208 riae
143 4141 298 4229 proditum
320 4139 459 4220 legimus.
485 4134 548 4198 Noc
571 4139 670 4196 tamen
692 4133 805 4196 diutina
822 4153 897 4216 pace
913 4155 969 4217 por
987 4133 1163 4202 Graecorum
1181 4145 1262 4206 artes

63 4259 96 4319 et
118 4249 281 4339 perfidiam
305 4247 364 4311 frui
387 4245 449 4309 iliis
474 4243 608 4324 contigit.
633 4241 744 4305 Occiso
767 4241 869 4306 ultimo
890 4243 1015 4308 istorum
1037 4245 1263 4329 Pagratidarnm

59 4357 176 4448 regulo
201 4367 284 4423 terra
309 4373 411 4420 eorum
434 4353 533 4416 denuo
550 4350 665 4414 Grecis
689 4351 797 4434 paruit.
822 4349 891 4415 Mox
906 4371 979 4416 reno
1003 4357 1122 4438 profugi
1144 4359 1263 4442 quidam

62 4478 135 4560 post
150 4470 254 4537 varios
272 4486 363 4530 casus
381 4469 471 4547 atquc
487 4479 607 4556 errores
623 4459 822 4543 principatum
840 4481 924 4523 suum
941 4464 972 4525 in
984 4461 1097 4528 Ciliciae
1114 4469 1263 4532 montibus

64 4585 154 4647 situm
177 4577 416 4660 recuperarunt;
447 4568 525 4658 quod
554 4569 613 4632 fine
640 4567 736 4632 seculi
763 4568 931 4646 undecimi,
958 4579 1104 4657 regnante
1128 4575 1230 4642 Alexio
1252 4579 1265 4642 1
