3130 5082
381 343 618 402 Gnarsonunmun
632 347 752 404 loannis
767 348 855 405 Coun.
868 350 927 405 lur.
1207 341 1255 414 97

74 514 154 599 mei,
175 540 237 609 que
254 539 316 612 per
334 541 470 612 presens
486 521 726 614 chrysobollion
741 520 860 593 donata
879 528 940 608 est,
961 520 1046 592 sicut
1064 524 1257 615 promitten-

74 641 167 712 tibus
189 667 370 738 rursusque
391 653 463 717 toto
490 623 604 718 animo
619 671 681 743 pro
701 649 854 720 Romania
874 671 1023 743 pugnare
1042 655 1075 720 et
1094 651 1179 720 omui
1198 651 1259 722 sub

75 771 219 866 imperio
237 795 311 844 meo
331 774 545 846 Christianico
565 775 694 858 ordine;
723 776 816 848 simul
842 785 947 850 autem
968 783 1002 848 et
1025 778 1156 872 propria
1175 803 1257 874 que-

76 897 151 968 dam
170 900 302 971 seruitia
326 924 387 994 per
404 902 558 996 scriptum
578 909 611 974 et
631 903 861 998 jusJurandum
880 905 1112 977 conuenientes
1131 906 1257 978 seruire

74 1025 218 1118 imperio
237 1048 309 1097 meo
338 1034 372 1098 et
398 1029 566 1114 llomauie,
595 1030 684 1101 uelut
715 1031 800 1102 lacta
828 1030 868 1102 ab
897 1031 1115 1126 apocrisiarijs
1144 1055 1256 1104 eorum

73 1151 267 1247 symphonia
284 1154 379 1227 latius
395 1153 436 1226 de
450 1155 500 1227 bis
513 1163 641 1229 metat.
663 1157 822 1246 Quoniam
841 1181 920 1230 uero
936 1158 1157 1251 quesiueruut‚
1177 1167 1252 1232 aute

74 1282 196 1352 factum
228 1281 289 1352 sibi
317 1282 557 1377 chrysobollion
584 1283 670 1356 beati
700 1285 819 1356 domini
847 1291 881 1356 et
907 1285 1008 1380 patris
1036 1286 1164 1380 lmperij
1193 1287 1254 1358 mei

74 1410 237 1503 recorrigi
260 1433 373 1480 rursus
399 1417 432 1482 et
459 1411 527 1482 dari
552 1413 629 1498 sibi,
655 1411 744 1485 uelut
768 1413 820 1506 qui
841 1413 910 1506 jam
928 1411 1106 1484 exciderint
1124 1437 1163 1484 ex
1181 1401 1253 1508 ipso

73 1545 213 1632 propter
237 1537 366 1632 culpas,
396 1562 459 1632 que
484 1541 730 1634 contingerant,
760 1539 920 1611 eraudinit
944 1563 1057 1611 omnes
1082 1539 1253 1635 lmpcrium

74 1687 181 1734 meum
201 1671 235 1734 et
252 1663 417 1735 immutate
430 1665 531 1758 jussit
549 1667 612 1737 boc
630 1673 739 1738 tamen
757 1667 855 1738 scribi
873 1667 1015 1762 ponique
1033 1667 1105 1752 bic,
1130 1665 1253 1740 habens

72 1793 136 1862 sic:
165 1793 355 1866 Huiusmodi
375 1818 456 1888 ergo
476 1794 716 1889 obrysobullion
736 1794 929 1867 confirmans
948 1794 1118 1888 Imperium
1136 1817 1252 1880 meum,

72 1921 156 1992 bene
175 1922 246 1992 uult
265 1926 298 1992 et
315 1921 400 1992 idem
417 1921 540 1992 babere
559 1923 728 2006 effectum,
752 1923 835 1992 sicut
854 1922 1034 2015 expositum
1053 1927 1104 1992 est
1122 1945 1141 1992 a
1158 1923 1251 2015 prin·
1298 1906 1301 1917 ¹

72 2050 170 2143 cipio,
192 2047 320 2142 maudo
335 2048 382 2118 eis
397 2047 550 2120 donatum
565 2054 626 2132 est,
646 2049 689 2119 ita
710 2053 744 2118 ut
762 2055 795 2118 et
813 2046 1055 2141 solempnorum
1074 2045 1251 2142 philotimia

70 2174 244 2268 proueniat
268 2181 302 2246 et
326 2175 481 2270 deinceps
500 2175 664 2246 imminute
683 2182 716 2245 et
733 2173 878 2245 honores
898 2171 1090 2266 dignitatum
1109 2172 1249 2244 habeant

4 2275 6 2342 l
68 2302 288 2374 nobilissimus
319 2303 391 2374 Dux
423 2309 456 2374 et
483 2303 676 2374 sacerrimus
705 2298 890 2373 Patriarcha
923 2323 1045 2370 eorum.
1082 2299 1251 2395 decipiant

70 2438 195 2502 tautum
210 2438 244 2502 et
258 2453 375 2524 rogas3
395 2454 509 2502 uerum
525 2431 620 2502 etiam
639 2431 880 2524 possessiouem
895 2435 928 2500 et
945 2429 1130 2500 fruitionem
1145 2427 1248 2499 dona-

71 2567 177 2630 torum
197 2565 231 2629 et
247 2559 440 2630 traditorum
459 2557 518 2628 sibi
534 2559 788 2654 ergasteriorum
803 2563 835 2628 et
848 2555 1007 2627 scalarum
1026 2555 1165 2628 habeant
1178 2557 1248 2626 sine

71 2685 242 2758 ablatione.
270 2684 424 2756 Similiter
448 2693 482 2756 et
504 2685 644 2757 babeant
666 2686 726 2779 ipsi
750 2684 819 2754 sine
841 2682 1060 2778 prohibitione
1087 2689 1120 2754 et
1138 2705 1246 2778 nego·

72 2813 146 2883 cieri
170 2813 241 2883 siue
264 2813 458 2884 commercio
485 2820 517 2886 et
536 2814 665 2892 datione
683 2813 904 2907 qualicumque
929 2810 1057 2882 altera
1048 2833 1080 2880 ru
1099 2809 1246 2882 omuibus

3 2919 6 3052 l
74 2941 311 3013 dinumeratis'
302 2965 333 3011 nr
357 2943 504 3036 profacto
534 2941 752 3036 chrysobullio
777 2939 958 3012 ciuitatibus
983 2945 1015 3009 et
1044 2937 1245 3031 regionibus,

75 3093 134 3162 que
152 3071 212 3140 sub
231 3075 396 3164 potestate
415 3071 541 3165 lrnperij
562 3071 664 3141 nostri
684 3075 768 3140 sunt.
789 3067 907 3138 Verum
922 3065 1017 3137 etiam
1037 3071 1072 3136 ut
1091 3065 1130 3136 ab
1146 3088 1245 3159 erga-

76 3197 175 3267 storiis
194 3197 508 3292 amalphitanorum,
535 3221 597 3292 que
621 3220 680 3291 per
704 3193 944 3289 obrysobullion
969 3193 1143 3264 constituta
1170 3199 1246 3264 suut

76 3325 271 3396 sanctissime
298 3323 437 3396 ecclesie
465 3323 601 3419 apostoli
631 3331 664 3394 et
692 3321 893 3416 euangelista
920 3319 1036 3401 Marci,
1066 3319 1118 3412 qui
1138 3326 1188 3390 est
1211 3320 1243 3390 in

76 3449 214 3534 llenetia,
235 3451 353 3524 dentau
371 3453 412 3524 ad
432 3475 501 3522 eam
520 3451 590 3524 siue
607 3453 792 3523 minutione.
822 3449 927 3536 Quum
946 3471 1025 3518 uero
1047 3453 1122 3518 ante
1140 3469 1242 3519 annos

75 3601 133 3650 non
151 3605 274 3676 paucos
298 3582 436 3676 contigit
462 3605 538 3667 eos,
563 3581 615 3676 qui
639 3579 823 3652 uendebant
845 3575 1008 3646 Veneticis
1032 3575 1064 3643 iu
1082 3573 1243 3646 Romuleis

75 3709 254 3800 regionibus
274 3711 518 3802 negociationes
537 3709 669 3804 aliquas,
690 3706 916 3778 commercium
935 3703 975 3773 de
994 3701 1073 3796 ipsis
1093 3701 1188 3794 exigi,
1209 3709 1243 3772 et

76 3837 203 3928 optinuit
221 3859 292 3907 mos
312 3837 402 3907 annis
421 3837 543 3920 multis,
569 3843 604 3909 ut
629 3829 748 3908 dictum
773 3839 839 3918 est,
863 3835 1065 3924 rogauerunt
1083 3836 1188 3900 autem
1209 3837 1242 3901 et

78 3961 112 4032 de
128 3963 190 4036 hoc
207 3965 378 4060 Imperium
392 3989 496 4037 meum
510 3967 578 4038 fieri
593 3962 789 4036 dilectissimi
809 3960 874 4031 duli
894 3965 926 4030 et
940 3957 1032 4028 amici
1047 3957 1117 4028 eius
1131 3957 1240 4028 Vene-

77 4089 134 4174 tici,
148 4097 304 4186 quatenus
318 4094 540 4188 corrigeretur
552 4091 733 4164 huiusmodi
748 4110 876 4184 quoque
890 4083 1074 4181 capitulum,
1090 4089 1123 4154 et
1136 4082 1240 4156 dona-

78 4223 177 4289 rentur
205 4219 328 4290 sibiet
356 4219 396 4291 ab
415 4221 464 4292 bis
491 4227 637 4316 potestas
666 4226 699 4290 et
724 4217 873 4300 libertas,
902 4212 1077 4306 compleuit
1101 4217 1134 4282 et
1157 4211 1241 4283 bane

78 4343 258 4433 peticionem
291 4347 459 4440 lmperium
488 4371 612 4433 meum,
646 4358 680 4418 et
708 4344 819 4416 delinit
851 4365 910 4436 per
937 4361 1072 4434 presens
1101 4337 1239 4432 obryso·

80 4465 196 4556 bullion,
215 4473 336 4545 nullum
355 4497 483 4560 comm,
503 4476 555 4572 qui
575 4475 635 4546 sub
653 4478 817 4570 potestate
836 4467 963 4563 lmperij
984 4465 1104 4547 nostri,
1126 4466 1239 4535 Grecis

3 4715 4 4722 ἵ
104 4645 186 4694 Fontes.
198 4648 243 4696 Xll.
1006 4651 1022 4704 7
