3110 5080
338 372 415 446 420
744 379 1106 436 Pneruuinonuronoeou.

334 549 506 614 Jadreneee
530 547 616 614 iilieo
637 546 751 635 patria
777 548 889 612 eaaleo
914 547 1038 612 Venetos
1063 545 1249 634 naripanter
1274 565 1338 610 non
1364 541 1519 607 oudinum

329 659 535 743 infestabant.
565 658 609 722 Ar
636 657 735 724 Duum
761 663 857 723 nabeo
882 657 985 722 mineio
1009 657 1111 745 puleio
1138 665 1169 721 et
1194 655 1327 720 naoibue
1353 653 1520 738 adibeouit

334 768 489 856 quoddam
504 767 665 833 eaetellum
680 766 715 831 in
730 767 836 832 inenla
851 766 1044 852 Maleomejo
1060 771 1136 830 ante
1150 764 1294 844 Jadrom,
1310 763 1367 828 ubi
1378 759 1519 848 plurimu

334 876 503 940 oonndem
518 875 603 940 aoieo
618 880 812 940 armatorum
831 873 1043 962 prohibebant
1063 874 1234 940 Jadremee
1255 872 1363 936 urbem
1382 869 1518 957 inprobi,

335 1006 387 1050 eoo
405 1006 468 1072 per
491 1005 579 1048 mare
601 983 738 1070 undique
762 983 969 1070 insequenter.
992 983 1165 1048 Jadreneeo
1186 988 1261 1046 tune
1275 992 1345 1044 eum
1360 975 1517 1064 snperato

333 1094 418 1180 repio
440 1093 581 1179 acceptio
596 1092 629 1156 X
635 1092 738 1180 puleio
755 1089 996 1176 Cajetanorum,
1016 1091 1202 1180 proeoidium
1221 1089 1400 1154 Venetorum
1415 1087 1516 1172 impa-

332 1208 435 1290 pnant
450 1207 481 1266 et
496 1201 651 1277 obtinent,
675 1207 705 1266 et
721 1201 754 1265 in
769 1201 876 1266 urbem
884 1201 956 1286 jam
972 1199 1144 1266 desolatam
1160 1199 1306 1274 redemit,
1330 1203 1361 1263 et
1375 1196 1518 1260 timentes

333 1311 453 1382 obolum,
466 1329 556 1396 quem
571 1308 675 1373 Veneti
684 1309 785 1374 denuo
795 1315 1071 1396 preparaverunt,
1084 1329 1148 1396 per
1158 1329 1232 1373 euoe
1242 1307 1370 1372 nantioe
1379 1305 1518 1392 pretim

334 1417 514 1504 implorant.
530 1423 562 1482 et
572 1417 707 1504 offerunt
718 1424 908 1504 perpaucum
919 1415 1112 1502 fidelitatem,
1130 1417 1251 1482 obsideo
1262 1422 1295 1480 et
1305 1415 1517 1480 cantationem

333 1527 461 1592 laudum
472 1526 635 1598 exhibere,
648 1526 854 1614 comitemque
865 1526 905 1591 de
915 1525 1045 1592 Venetiio
1056 1527 1178 1614 elipere
1188 1533 1220 1590 et
1231 1523 1517 1612 arebiepieeopum.

332 1637 388 1723 qui
402 1637 610 1702 reuerentiam
625 1642 656 1700 et
671 1635 878 1700 obedientiam
893 1636 1029 1700 Primmi
1042 1635 1179 1700 debitam
1196 1633 1354 1700 Gradenoi
1368 1631 1519 1696 enbibeat

328 1745 544 1832 patriarcba,
567 1752 598 1810 et
619 1765 696 1832 erpa
712 1743 817 1810 boatee
837 1744 1013 1809 Venetonm
1030 1745 1203 1832 inserpere.
1228 1749 1259 1807 et
1274 1741 1439 1806 annuatim
1454 1741 1518 1804 tria

332 1853 434 1918 millia
448 1854 580 1941 pellium
595 1853 809 1918 manticularum
822 1853 969 1918 tribuere.
995 1852 1063 1930 Qua
1075 1853 1231 1918 oblatione
1242 1851 1375 1937 benipne
1387 1857 1519 1935 accepta

337 1962 537 2049 obprobium
560 1961 700 2026 reatituti
720 1968 804 2026 eunt.
821 1997 865 2008 -
885 1959 1023 2024 Pleniora
1045 1959 1083 2023 de
1106 1959 1153 2022 his
1175 1957 1324 2022 Farluti
1347 1959 1378 2019 in
1399 1955 1518 2040 Illyrico

333 2089 421 2135 sauro
437 2071 474 2134 Τ.
492 2070 527 2142 V,
553 2089 581 2154 p.
600 2071 641 2134 69
665 2069 768 2152 ibique
784 2069 947 2132 Thomas
972 2067 1199 2133 archidiaconus
1223 2085 1289 2150 cap.
1307 2065 1367 2129 25:
1394 2067 1519 2140 „Erant

332 2187 437 2246 autem
459 2201 496 2244 eo
516 2187 655 2266 tempore
674 2179 848 2244 Judreouee
874 2179 994 2244 Venetia
1016 2179 1146 2244 multtum
1172 2177 1289 2262 inserti
1325 2177 1518 2262 Qomounpte

332 2288 415 2352 enim
430 2308 475 2352 en
486 2295 584 2376 porte
596 2295 757 2375 poterant,
778 2288 903 2353 Venetoo
918 2287 1124 2362 invadebant,
1140 2287 1221 2351 bona
1238 2306 1343 2351 eorum
1358 2285 1517 2370 diripien-

330 2403 395 2474 tes,
419 2397 623 2482 injuriantes,
648 2397 863 2472 trucidantem·
886 2403 917 2460 et
932 2396 1086 2483 quidquid
1098 2397 1175 2460 maii
1190 2414 1344 2459 exeruere
1358 2394 1515 2468 valebant,

332 2504 367 2569 in
381 2504 468 2592 ipooe
483 2503 556 2568 totio
570 2503 689 2568 viribus
705 2503 931 2569 eonabantnr“.

419 2612 499 2678 Idem
521 2613 682 2677 Thomas
706 2611 932 2677 archidiaconus
957 2611 1028 2678 ibid.
1048 2633 1113 2696 cap.
1131 2613 1192 2676 25:
1220 2611 1351 2699 „ltaque
1366 2611 1517 2675 uniuersa

329 2721 477 2787 olearium
503 2719 667 2786 multimodo
691 2722 846 2786 tentatore
864 2742 899 2785 oe
913 2743 935 2786 a
954 2721 1084 2787 unuin
1102 2743 1132 2786 a.
1149 2721 1179 2784 d.
1202 2717 1339 2786 Meam
1358 2719 1437 2807 (leg.
1455 2716 1514 2803 ΙΙ).

327 2851 433 2894 menae
451 2829 593 2904 Octobri,
616 2835 647 2892 et
667 2829 827 2894 venientee
848 2829 935 2894 eirm
957 2851 1030 2894 orae
1046 2829 1148 2894 latria
1163 2829 1367 2894 intraverunt
1382 2828 1416 2892 in
1432 2828 1515 2892 oao-

328 2939 466 3010 motiom,
484 2939 767 3024 applicueruntque
779 2959 883 3026 prope
897 2937 1099 3004 Jadremium
1110 2938 1279 3003 deitatem.
1295 2939 1400 3002 Ibront
1410 2945 1516 3001 aretem

327 3048 519 3135 inoipnioreo
545 3048 639 3112 duoee
666 3046 768 3133 ipsine
794 3047 954 3112 enereitao
981 3069 1025 3112 en
1048 3055 1145 3136 parte
1164 3048 1362 3112 Francorum
1385 3045 1514 3133 pridem

328 3155 435 3220 Simon
445 3153 484 3242 ¹),
514 3175 615 3220 oomee
639 3155 679 3220 de
699 3155 898 3239 Montesorti,
928 3175 972 3218 en
995 3163 1094 3240 parto
1122 3176 1197 3219 vero
1229 3153 1408 3219 Venetomon
1434 3153 1514 3217 oue

328 3266 486 3330 Henriouo
501 3265 682 3338 Dondutae,
706 3265 756 3329 vir
771 3266 864 3328 name
879 3272 1025 3329 otrenune
1040 3272 1072 3329 et
1087 3265 1348 3350 oireumopeetue,
1370 3261 1426 3349 qui
1440 3263 1515 3327 beet

330 3371 547 3458 corporalibus
562 3373 661 3438 oeulie
676 3372 852 3448 coemebret,
868 3378 971 3437 mente
985 3379 1088 3437 tamen
1103 3371 1182 3436 ratio
1197 3378 1329 3436 noverat
1340 3369 1512 3458 perepicu-

329 3483 409 3547 eiter
431 3481 558 3546 intueri.
588 3481 689 3569 Ipitur
708 3481 762 3545 nbi
781 3502 815 3546 ee
828 3481 1001 3546 Jadrenoeo
1023 3482 1131 3547 vident
1152 3483 1191 3546 ab
1213 3481 1360 3546 enereitu
1376 3481 1513 3546 airman-

328 3586 463 3667 vaiiari,
490 3591 660 3656 timuerunt
679 3591 786 3661 valde,
815 3591 892 3677 qnid
911 3591 1082 3657 eomubtine
1109 3599 1241 3678 aperent
1267 3591 1454 3656 neaoimteo.
1482 3591 1515 3655 Ε

328 3699 459 3787 veotipio
484 3707 588 3765 autem
607 3701 772 3764 subsecuta
793 3707 841 3764 eet
855 3701 963 3766 alodes
977 3702 1077 3766 nimia
1092 3701 1310 3773 mortalitatim
1334 3701 1383 3766 ita
1398 3707 1435 3765 ut
1448 3721 1512 3765 non

327 3815 373 3874 tot
392 3809 458 3874 oiri
480 3817 511 3873 et
533 3809 606 3874 uani
619 3809 654 3872 in
669 3808 797 3874 civitate
811 3817 979 3882 restarent,
1003 3810 1059 3897 qui
1071 3812 1252 3895 euffieerent
1266 3817 1406 3875 mor-tuoe
1421 3831 1511 3897 oepe-

327 3918 395 3982 tire.
426 3917 580 3984 Jaeebant
599 3917 782 3982 miserorum
802 3919 961 3984 cadavera
982 3919 1016 3982 in
1037 3919 1176 3984 domibus
1199 3925 1232 3983 et
1252 3919 1396 3985 eeoleoiu
1416 3919 1514 3985 inbu-

324 4035 429 4102 mata;
445 4026 624 4091 nesciebant
634 4027 744 4092 mioeri
754 4027 846 4099 oioee,
862 4027 941 4115 quid
950 4027 1067 4114 potine,
1081 4031 1199 4112 funera
1209 4049 1252 4092 an
1260 4027 1395 4115 publiea
1406 4029 1514 4114 offim'n

321 4141 544 4221 procurarent.
568 4133 810 4222 Siepuefuetum
821 4141 877 4209 eet,
894 4142 930 4201 ut
941 4135 1059 4220 infelix
1070 4135 1192 4212 ciritae,
1207 4157 1335 4201 enorum
1347 4137 1513 4223 praeidirsse

326 4242 506 4326 indefensa,
529 4243 563 4306 in
583 4243 671 4308 brevi
693 4251 723 4306 et
745 4243 786 4308 de
805 4243 901 4327 faciti
914 4245 954 4309 ab
969 4243 1108 4310 bootibne
1124 4250 1302 4332 caperetur.
1327 4245 1391 4310 Die
1406 4253 1512 4311 autem

324 4347 358 4414 S.
376 4348 584 4437 Cbryeoponi,
601 4349 657 4436 qui
670 4351 758 4436 apud
771 4349 843 4416 itloo
859 4351 1077 4418 celeberrimae
1092 4351 1277 4425 habebatur,
1300 4351 1411 4417 airino
1433 4353 1512 4419 ultio

348 4577 376 4650 ¹)
396 4579 544 4636 Secundum
558 4581 622 4636 alios
634 4581 793 4647 Boniiaeine,
804 4583 918 4638 marchio
931 4583 1187 4640 Montieiemiensiu
