3110 5076
285 341 359 412 176
518 352 710 407 l’nrvrnnoruu
724 353 877 408 soranam
891 353 924 408 lll
938 367 1032 408 rnrue.
1046 353 1239 408 Auruncum.

280 523 370 592 Petri
390 523 532 606 nomine,
560 523 661 604 dono,
681 523 840 594 confirmo
862 529 897 596 et
917 523 1067 594 concedo
1087 523 1238 594 omnibus
1258 521 1426 594 Venetieis
1447 529 1481 593 et

281 649 430 743 ejusdem
455 651 556 722 Ducis
586 652 855 735 successoribus,
889 651 1043 745 precibus
1068 651 1183 722 Jacobi
1211 650 1406 733 Gradenici,
1440 673 1479 720 ex

280 783 374 871 parte
398 777 547 870 ejusdem
569 777 670 848 Ducis
696 800 715 846 a
741 801 793 848 me
815 779 978 872 receptis,
1007 779 1040 849 in
1067 775 1185 850 Achon
1211 784 1291 850 tunc
1314 779 1478 872 temporis

282 904 502 990 vicecomitis,
523 907 733 977 securitatem
749 907 781 976 in
796 905 881 978 omni
895 906 1041 990 fortuna,
1057 907 1088 976 in
1103 906 1203 977 rebus
1218 911 1251 976 et
1264 907 1297 976 in
1311 907 1478 1000 personis,

281 1037 315 1103 et
332 1033 516 1104 libertatem
536 1033 633 1104 eundi
653 1039 687 1103 et
709 1033 887 1117 redeundi,
915 1039 1015 1126 prout
1039 1034 1087 1104 eis
1111 1033 1289 1128 placuerit,
1319 1056 1382 1104 nec
1410 1054 1479 1104 non

281 1159 410 1230 emendi
434 1165 533 1253 atque
559 1159 721 1230 uendendi
742 1161 962 1230 omnimodum
982 1166 1161 1231 mercatum
1178 1183 1238 1253 per
1256 1166 1364 1230 totum
1383 1160 1478 1252 prin·
1542 1161 1544 1164 ’

279 1287 423 1379 cipetum
438 1309 555 1369 meum,
571 1287 603 1356 in
619 1287 699 1358 mari
714 1292 749 1357 et
759 1288 791 1356 in
805 1293 906 1370 terra,
923 1287 1046 1380 absque
1061 1287 1292 1380 impedimento
1304 1293 1339 1356 et
1353 1285 1480 1379 absque

279 1413 345 1483 ullo
365 1413 436 1484 iure
456 1413 576 1495 dando,
597 1419 708 1507 preter
724 1414 811 1506 quod
827 1413 867 1484 de
889 1415 1080 1485 mercaturis
1099 1413 1174 1497 illis,
1194 1437 1258 1507 que
1276 1415 1478 1496 uenduntur,

280 1540 322 1609 de
342 1541 459 1634 quibus
479 1541 619 1611 uenditis
639 1540 744 1611 daturi
763 1547 839 1610 sunt
857 1541 898 1610 dc
918 1548 1049 1612 centum
1070 1563 1179 1612 uinum.

369 1668 406 1736 Si
425 1691 525 1752 uero,
553 1668 641 1762 quod
670 1668 773 1750 absit,
799 1669 1005 1761 naufragium
1031 1669 1062 1740 iu
1091 1667 1235 1738 aduentu
1256 1689 1372 1737 eorum
1389 1667 1478 1760 apud

246 1797 249 1802 ’
280 1795 498 1889 principatum
522 1817 627 1866 meum
656 1798 835 1890 patiantur,
861 1797 970 1867 securi
991 1797 1056 1868 sint
1075 1795 1209 1866 etsalui
1229 1795 1388 1864 derebus
1408 1795 1478 1864 suis

282 1931 316 1993 et
334 1925 498 2017 personis,
519 1929 553 1994 et
571 1923 666 1994 liberi
686 1924 727 1994 ab
748 1925 834 1994 omni
855 1925 1101 2019 inquietatione.
1182 1919 1186 1930 '

368 2053 525 2122 Preterea
551 2051 683 2122 lundam
709 2076 817 2134 suam,
844 2075 940 2144 quam
966 2059 1199 2123 antecessores
1226 2051 1288 2120 mei
1310 2048 1479 2119 Veneticis

280 2176 441 2246 dederunt
461 2183 493 2247 et
508 2184 759 2261 concesserunt,
780 2200 845 2271 ego
866 2177 1076 2249 Boamundus
1090 2167 1255 2248 Veneticis
1276 2199 1349 2247 cum
1369 2175 1478 2246 omni-

279 2303 339 2374 bus
358 2305 562 2398 pertinentiis
581 2306 649 2375 suis
670 2305 770 2388 dono,
792 2308 941 2377 concedo
963 2313 996 2377 et
1015 2308 1184 2378 confirmo.

370 2431 519 2525 Denique
540 2433 686 2524 quisquis
713 2455 827 2502 eorum
855 2433 1007 2503 inuentus
1033 2433 1135 2502 fuerit
1159 2457 1232 2502 cum
1253 2433 1389 2502 muliere
1408 2434 1479 2503 siue

280 2558 440 2651 coniuge,
481 2557 601 2630 nullum
635 2559 709 2630 inde
742 2561 972 2630 detrimentum
1005 2561 1037 2630 in
1069 2560 1170 2630 rebus
1198 2567 1231 2660 et
1263 2549 1295 2629 in
1326 2563 1480 2654 personis

279 2687 459 2778 paciantur.

371 2812 413 2882 vt
442 2819 549 2884 autem
580 2813 644 2886 hoc
673 2813 794 2884 donum
823 2815 948 2884 firmum
977 2817 1033 2885 liat
1062 2814 1244 2906 stabileque
1274 2821 1478 2906 permaneat,

278 2935 445 3008 literarum
490 2939 703 3032 inscriptione
750 2943 875 3032 meique
914 2934 1104 3034 principalis
1134 2939 1231 3032 sigilli
1271 2941 1478 3033 inpressione

281 3065 390 3134 munio
412 3070 510 3158 atquc
530 3067 701 3137 confirmo.

370 3191 472 3261 Huius
492 3192 574 3262 enim
595 3193 642 3260 rei
660 3198 764 3262 testes
785 3195 941 3263 existunt:

370 3321 487 3389 Petrus
508 3319 549 3388 cle
568 3321 688 3412 Longij
699 3311 742 3410 ¹).
773 3319 984 3400 Raimnndus,
1012 3320 1275 3390 constabularius
1295 3319 1476 3414 Tripolita-

280 3439 391 3538 nus²).
423 3440 631 3516 Villielmus*
656 3446 697 3515 de
715 3453 827 3516 monte
848 3449 984 3518 Cornet.
1014 3447 1186 3516 Richerius
1216 3447 1256 3515 de
1283 3441 1475 3540 Armitat³).

281 3570 433 3641 Galterus
454 3573 495 3643 de
515 3572 659 3643 Artican.
689 3565 903 3666 Villielmus⁴J
923 3573 965 3642 ile
983 3575 1188 3666 Hingueron.

371 3699 507 3771 Factum
533 3707 584 3771 est
610 3709 718 3771 autem
744 3701 809 3771 boc
837 3701 1042 3794 priuilegium
1072 3723 1156 3771 anno
1183 3701 1223 3770 ab
1252 3701 1478 3773 incarnatione

283 3825 403 3895 domini
423 3828 592 3898 millesimo
613 3827 796 3899 cuxxxllt
806 3881 814 3912 ,
837 3827 1017 3898 lndictionc
1034 3829 1150 3920 prima.

371 3955 447 4048 Ego
468 3955 599 4025 Gabriel
620 3956 785 4038 Paulinus,
805 3956 952 4026 notarius
973 3960 1006 4024 et
1026 3953 1150 4025 ducalis
1168 3955 1242 4024 aule
1261 3954 1477 4025 cancellarius

283 4079 434 4164 Venecie,
456 4083 676 4166 auctenticum
696 4083 791 4152 huius
811 4082 965 4174 exempli,
986 4082 1094 4173 sigillo
1115 4080 1266 4174 plumbeo
1286 4081 1477 4174 sigillatum,

280 4207 346 4276 uidi
377 4215 411 4276 ct
437 4207 519 4300 legi,
548 4216 581 4278 et
605 4210 692 4279 sicut
711 4209 742 4277 in
762 4209 948 4279 auctentico
969 4205 1212 4287 continebatur,
1242 4207 1285 4276 ita
1306 4213 1341 4275 et
1359 4209 1392 4277 in
1413 4211 1475 4278 isto

306 4449 333 4521 1)
355 4451 479 4522 Longis
498 4451 546 4506 LP.
929 4451 1128 4524 ⁸)Arminat
1148 4451 1197 4505 ΕΡ.

306 4539 335 4615 ²)
354 4541 515 4619 Tripolus
533 4543 583 4597 Le.
929 4541 958 4616 ⁴)
972 4540 1477 4615 Willcrinustractationum&
