3110 5080
291 371 368 443 398
750 381 868 435 Pscrnrr
882 381 1010 436 Murum.

288 544 483 643 candellis¹)
513 552 677 634 accensis,
713 551 915 644 pulsantibus
947 552 1129 646 campanis,
1159 556 1385 646 supponentes
1411 572 1471 621 nos

286 703 347 773 per
372 679 478 750 emnia
503 701 562 748 sne
587 677 815 749 dominationis
840 679 998 773 potentie.
1028 679 1102 771 lpse
1126 701 1206 750 vera
1232 677 1384 748 dominus
1401 677 1471 748 bur

287 807 476 879 convocatis
496 803 681 876 bominibus
703 812 794 877 terre
820 812 933 878 nostre
956 806 1119 900 precepit,
1145 811 1183 877 ut
1199 805 1266 877 iaie
1284 827 1470 876 sacramen·

287 940 356 1005 tum
390 933 434 1004 illi
469 933 581 1004 secere
616 933 829 1018 deberemus,
867 933 1036 1020 videlicet,
1073 933 1160 1027 quod
1192 933 1254 1016 illi,
1291 933 1471 1026 usquedum

285 1061 417 1147 vixerit,
442 1061 555 1134 fideles
580 1083 742 1143 essemus;
771 1068 848 1156 past
873 1061 1044 1134 decessum
1064 1084 1142 1133 vero
1160 1061 1256 1144 iilius,
1283 1063 1312 1132 si
1336 1060 1378 1132 ab
1398 1061 1466 1131 eins

287 1188 536 1262 suecessoribus
560 1189 661 1261 fuerit
683 1187 779 1259 nobis
803 1189 966 1283 postulata
991 1189 1145 1272 fidelitas,
1172 1187 1261 1283 qrrnd
1287 1189 1335 1260 eis
1362 1189 1471 1259 facere

285 1322 469 1401 teneamur,
494 1323 529 1388 et
547 1315 635 1410 qnod
654 1316 801 1386 homines
820 1315 1025 1388 venetiarum
1043 1317 1076 1386 in
1093 1317 1244 1410 personis
1263 1323 1298 1387 ei
1321 1315 1423 1387 rebus
1439 1315 1469 1385 in

286 1449 359 1515 toto
378 1449 493 1514 nostro
513 1443 662 1513 districtu
681 1466 818 1514 securos
830 1443 901 1515 sine
915 1443 1044 1515 datione
1059 1443 1165 1536 aliqua
1178 1443 1369 1514 habebimus
1383 1465 1470 1512 sem-

284 1591 357 1662 per,
376 1575 411 1640 et
430 1569 517 1662 quod
532 1549 660 1641 semida
675 1569 785 1640 debita
803 1570 846 1640 illi
865 1570 977 1641 fecere
996 1569 1185 1652 debeamus,
1205 1570 1290 1640 sicut
1303 1569 1367 1640 alie
1380 1574 1469 1640 terre

287 1691 432 1789 Ystrie²)
460 1697 601 1780 iaciunt,
631 1697 808 1768 secundum
836 1703 982 1768 nostram
1004 1703 1112 1768 tamen
1139 1695 1398 1792 possibilitatem.
1419 1737 1468 1748 —

287 1825 331 1895 nt
349 1824 376 1894 si
395 1824 588 1917 eontigerit,
614 1824 737 1918 piratas
760 1847 778 1894 a
799 1824 925 1896 Rubino
946 1823 1029 1894 inira
1050 1825 1178 1906 venire,
1198 1823 1284 1916 qued
1303 1825 1469 1918 nosipsos

286 1953 438 2047 persequi
453 1957 487 2022 et
505 1951 669 2024 debellare
689 1951 884 2034 debeamns;
904 1957 939 2022 et
957 1953 984 2022 si
1004 1975 1122 2046 capere
1140 1951 1332 2046 poterimus,
1353 1959 1468 2046 captas

285 2077 375 2171 ipsos
409 2079 537 2150 damino
569 2077 652 2150 Dnei
685 2079 842 2150 iaciemus
870 2079 1093 2172 representari
1104 2069 1148 2170 ⁸).
1178 2117 1230 2130 -
1262 2077 1360 2164 Quod
1391 2102 1468 2150 rere

286 2197 563 2298 sacramentum)
584 2257 593 2276 .
615 2258 624 2276 .
646 2199 693 2298 .⁵)
720 2206 762 2277 ad
779 2205 963 2278 iaciendum
984 2205 1078 2278 nobis
1096 2205 1289 2277 delectabile
1309 2205 1418 2292 valde,
1437 2213 1469 2278 et

228 2334 229 2340 ’
283 2333 421 2406 fecimus
439 2335 545 2406 animo
564 2333 709 2426 diligenti
717 2327 761 2427 ⁶).

375 2459 511 2532 Nomina
528 2483 606 2532 vero
625 2460 762 2544 illorum,
783 2461 837 2555 qni
852 2459 1056 2554 juraverunt,
1077 2466 1153 2531 sunt
1170 2459 1249 2531 bec:

309 2585 363 2658 W.
384 2587 426 2658 de
444 2587 563 2680 bingin.
928 2585 1085 2658 Martinus
1103 2587 1254 2681 Damigo.

308 2713 504 2808 inglipretus
523 2714 696 2808 gastaldio.
925 2713 1059 2784 Maurus
1077 2714 1117 2785 de
1137 2713 1278 2785 Solaria.

309 2841 491 2934 Gregorius
510 2841 629 2913 Rimar.
925 2841 965 2911 D.
986 2841 1098 2912 Gerin.

308 2967 518 3039 Crescentius
537 2967 620 3040 iilius
638 2967 825 3062 Aldigarde.
925 2967 1081 3038 Martinus
1099 2961 1275 3059 Marnia').

306 3094 509 3167 Amantinus.
926 3094 1114 3166 Dominicus
1132 3093 1216 3164 iilius
1235 3091 1372 3166 Sekino.

306 3223 438 3293 Maurus
456 3221 637 3294 Dabiunda.
925 3221 1088 3293 Rnardus.

307 3349 347 3420 D.
367 3350 520 3421 Demaca.
924 3347 1116 3420 Ambrosius
1135 3347 1219 3418 iilius
1238 3343 1322 3420 Ade.

306 3475 347 3546 D.
369 3476 410 3548 de
429 3477 528 3548 Mota.
925 3473 1081 3546 Martinus
1101 3473 1205 3545 Gallo.

306 3601 452 3674 Simeon.
925 3603 1050 3674 Sancto
1069 3601 1152 3672 iilius
1170 3593 1279 3694 And).

306 3729 479 3801 Udelricus
497 3729 694 3800 Malinfante.
923 3719 1120 3820 Betbeca⁹).

307 3855 347 3926 D.
367 3857 408 3928 de
425 3856 579 3930 Antonia.
925 3853 1011 3928 Orsa
1030 3856 1114 3928 filius
1132 3847 1360 3950 Meclagni¹⁰).

305 4134 334 4208 ¹)
355 4138 507 4191 candelis
526 4138 579 4191 LA.
928 4135 957 4210 ⁸)
976 4136 1229 4207 dilligentius

305 4227 333 4298 ¹)
353 4227 457 4282 istrie
476 4229 528 4282 LA.
923 4225 952 4299 Ἰ)
972 4228 1105 4282 Macula
1124 4226 1176 4281 LA.

305 4315 332 4390 ⁸)
352 4321 599 4389 representare
617 4317 670 4372 LA.
923 4316 952 4389 ⁸)
972 4317 1163 4373 Sceniilins
1182 4315 1240 4371 Ani
1259 4317 1313 4375 LA.

304 4405 332 4480 ⁴)
352 4412 590 4464 sacramentum
610 4408 647 4463 ad
666 4409 684 4462 f.
703 4409 756 4464 LA.
924 4407 952 4480 ⁹)
971 4409 1141 4463 Betheeea
1160 4407 1214 4461 LA.

305 4497 334 4571 ὅ)
353 4501 413 4554 Haec
431 4499 482 4554 tria
501 4503 599 4570 puncta
616 4499 642 4552 in
654 4499 738 4554 Libris
750 4499 846 4553 Pacto-
913 4496 953 4570 ¹⁰)
973 4499 1102 4569 ideclig
1120 4499 1172 4553 bb.

351 4607 416 4644 rum.
436 4589 536 4661 Supple
550 4589 623 4643 inii.
