3110 5080
331 329 488 384 Onnraarro
502 331 651 396 banorum,
665 348 781 387 conanus
795 333 973 386 orianum.
1165 315 1241 392 385

59 498 260 593 cancellarij,
281 523 365 570 anno
384 499 545 572 dominice
563 502 794 574 incarnationis
813 502 982 574 millesimo
1003 499 1243 572 ducentcssimo
1364 558 1367 565 .

59 626 179 720 primo,
199 651 310 698 mense
327 627 528 700 Decembris.

151 752 227 848 Ego
246 753 377 826 Gabriel
395 753 557 839 Paulinus,
577 756 723 827 notarius
742 761 775 826 et
792 755 923 827 Ducalis
941 755 1014 826 aule
1031 755 1244 826 Veneciarum

61 877 297 964 cancellarius,
323 883 520 952 autenticum
545 881 640 953 buius
665 883 800 976 exempli
825 881 932 974 sigillo
953 905 1052 954 aureo
1073 881 1245 975 sigillatum

60 1005 126 1076 aidi
147 1011 182 1076 et
199 1006 278 1100 legi,
307 1013 341 1078 ct
359 1008 444 1078 sicut
471 1010 502 1078 in
527 1009 712 1080 auctentico
732 1009 970 1090 continebatur,
995 1009 1039 1079 ita
1063 1014 1100 1079 ut
1122 1009 1153 1078 in
1182 1008 1246 1078 isto

63 1132 254 1203 continetur
272 1133 432 1226 exemplo;
461 1133 599 1227 ideoque
620 1157 692 1204 meo
710 1135 845 1228 proprio
863 1136 960 1228 signo
979 1136 1084 1228 ipsum
1102 1133 1247 1206 corobo-

62 1260 132 1330 rari
148 1264 183 1328 et
196 1258 238 1328 de
257 1259 406 1342 mandato
426 1259 545 1331 domini
564 1261 678 1333 lacobi
697 1260 846 1355 Teupuli,
865 1261 964 1332 incliti
981 1262 1080 1333 Ducis
1094 1259 1247 1344 Venecie,

65 1391 222 1457 currente
240 1408 325 1456 anno
350 1386 470 1457 domini
494 1389 599 1460 nostri
617 1389 718 1460 Jbesu
737 1389 857 1459 Christi
880 1387 1064 1458 millessimo
1089 1388 1248 1459 ducente-

64 1515 148 1584 simo
169 1511 437 1607 quadragessimo
457 1523 561 1599 sexto,
587 1515 705 1586 mensis
724 1515 838 1608 bladij,
866 1515 1041 1587 indictione
1060 1523 1185 1610 quarta.
1215 1516 1250 1585 ln

67 1666 180 1709 ιιιιιιο
198 1639 328 1710 Ducarus
357 1641 483 1712 Vasacrn.

618 1821 712 1894 XCV.

363 1962 507 2044 tbllgatla
523 1962 667 2044 ΙιΙιΙιΙιΙ,
683 1964 797 2027 canltls
812 1962 967 2048 llandrlc.

496 2086 528 2140 A.
542 2083 567 2139 d.
580 2084 660 2148 laco,
672 2102 706 2138 ιιι.
719 2083 835 2140 Octobri.

163 2190 209 2258 Ει
224 2193 341 2258 duobus
357 2195 550 2280 autographis
565 2197 686 2260 Arcbiri
702 2195 819 2260 Veneti.

163 2329 199 2398 ln
218 2328 348 2397 nornine
366 2327 417 2396 dei
436 2329 553 2400 eterni.
581 2328 695 2400 Amen.

164 2454 200 2522 ln
218 2455 382 2548 presentia
398 2453 516 2524 domini
530 2454 659 2525 chrici
673 2453 822 2538 Danduli,
843 2453 895 2523 dei
909 2455 1015 2546 gratia
1028 2454 1129 2525 incliti
1144 2455 1253 2527 Vene-

70 2581 191 2651 tiarum
205 2579 316 2663 Ducis,
338 2587 370 2650 et
385 2581 504 2651 domini
522 2581 690 2665 Lodorici,
706 2580 870 2652 Blesensis
885 2581 1012 2652 comitis
1027 2589 1065 2652 et'
1076 2583 1255 2655 Olarimon-

72 2709 129 2792 tis,
149 2706 330 2778 mariscalci
345 2709 530 2801 Campanie,
551 2715 584 2778 et
603 2709 739 2778 aliorum
757 2707 914 2778 baronum
933 2707 1081 2801 plurium.
1101 2709 1255 2780 Dominus

72 2833 254 2905 Balduinus
280 2857 390 2904 comes
410 2835 559 2906 Flandrie
579 2842 612 2906 et
630 2835 733 2930 Hayn,
746 2827 777 2927 ¹)
803 2835 939 2905 instituit
959 2859 995 2905 se
1014 2835 1195 2907 debitorem
1214 2838 1256 2909 ad

72 2961 261 3032 faciendum
276 2959 356 3030 solui
371 2961 402 3030 in
415 2962 487 3032 fera
502 2961 629 3056 bignini
639 2957 684 3055 ¹),
701 2983 763 3055 que
775 2962 865 3054 prius
877 2961 946 3032 fieri
957 2959 1065 3046 debet,
1081 2963 1256 3035 ltlarlisino
1271 3049 1275 3060 δ

75 3087 292 3181 Superantio,
318 3089 416 3158 Petro
443 3087 586 3170 loliano,
614 3088 739 3160 Marino
767 3087 949 3158 Gradonico
980 3094 1012 3159 et
1037 3089 1126 3160 Luce
1152 3091 1258 3175 Ardit,

76 3214 241 3286 nobilibus
269 3215 344 3284 uiris
370 3215 411 3284 de
435 3213 569 3286 Venetia
596 3215 645 3286 uel
672 3238 785 3286 eorum
812 3215 928 3299 misso,
957 3216 1043 3285 omni
1072 3216 1259 3288 conditione

77 3343 230 3435 abjecta,
258 3365 384 3412 marcas
403 3343 672 3412 sterlinorum—
688 3341 729 3412 ad
748 3341 905 3412 rationem
926 3341 966 3411 de
986 3341 1086 3412 soldis
1104 3345 1261 3414 tredecim

7 3481 8 3552 ζ
79 3479 115 3542 et
134 3470 276 3542 denariis
297 3476 451 3562 quattuor
468 3493 529 3562 pro
554 3493 662 3540 marca
688 3467 830 3564 qualibet
857 3469 984 3561 argenti
1005 3511 1056 3520 —-
1082 3477 1210 3542 centum
1230 3479 1264 3544 et
1308 3458 1312 3470 .

7 3617 9 3692 l
80 3599 196 3669 decem
216 3604 249 3668 et
263 3603 340 3668 octo
357 3603 390 3668 et
403 3597 514 3668 uncias
534 3603 614 3668 tres.
637 3599 678 3667 nt
697 3597 739 3666 ita
754 3597 925 3666 confessus
945 3601 1006 3679 est,
1026 3620 1062 3667 se
1075 3599 1262 3690 juramento

80 3728 240 3798 firmasse.
269 3725 356 3796 Etsi
375 3748 441 3795 non
461 3725 503 3796 ita
523 3730 718 3809 servaretur,
740 3723 827 3807 dixit,
850 3720 993 3807 seualle,
1013 3725 1100 3818 quod
1115 3725 1191 3796 dicti
1206 3727 1265 3798 uiri

82 3860 208 3924 tantum
233 3851 392 3922 debonis
417 3851 581 3922 bominum
605 3857 694 3920 terre
720 3872 779 3920 sue
803 3855 975 3942 caperent,
999 3849 1087 3921 unde
1109 3853 1169 3922 sibi
1188 3877 1266 3947 pre·

7 3961 8 4056 ff
83 3979 203 4052 dictam
242 3979 412 4074 pecuniam
448 3977 656 4050 resarcirent.
703 3976 910 4068 Rogavitque
946 3977 1067 4047 dictum
1104 3978 1266 4050 dominum

7 4063 9 4212 l

84 4109 219 4191 Ducem,
239 4113 277 4178 ut
294 4107 342 4177 eis
361 4105 402 4176 ad
420 4103 483 4176 boc
501 4127 593 4175 suum
612 4108 777 4198 prestaret
795 4103 943 4173 auxilium
962 4109 995 4173 et
1013 4104 1171 4176 fauorem.

7 4375 8 4396 ι
113 4353 393 4428 ¹.e)le.llanyn1se
396 4349 600 4406 .llannoi.nae

111 4443 139 4516 Ι)
157 4445 203 4499 Sic
216 4461 284 4506 mss..
304 4447 332 4498 ut
345 4444 450 4516 quidem
463 4442 571 4496 videtur.
591 4441 639 4494 nst
652 4441 721 4494 stata
733 4437 791 4494 dios
804 4439 931 4512 (teria).
945 4437 1016 4492 later
1025 4442 1130 4493 sanctos
1140 4439 1269 4496 invenitur

161 4536 311 4606 Linguinoa,
324 4535 366 4590 die
379 4535 422 4590 24.
435 4552 468 4588 ιιι.
481 4531 575 4588 btartit.

120 4629 213 4673 Fontes.
230 4628 277 4672 111.
946 4619 981 4672 25
