3110 5076
309 335 383 409 198
681 347 1115 404 cunrsonunnrnulsnncrrlur.

305 523 359 593 uel
383 522 540 618 capitanei
566 523 670 593 nostri
688 521 763 592 stoli
786 528 820 592 et
844 521 980 593 comites
1007 529 1040 593 et
1068 522 1223 614 nauclerij
1248 527 1281 592 et
1308 521 1491 624 prodenses

308 659 341 722 et
360 647 536 721 decemuiri
556 648 598 718 de
617 671 810 743 unaquaque
835 649 1003 742 galearum
1026 651 1195 734 iurebunt,
1220 647 1308 742 quod
1331 653 1490 742 precepto

308 777 467 872 capitanei
504 775 579 847 stoli
618 776 829 870 lmperatorie
860 777 1037 847 maiestatis
1071 776 1226 848 obedient
1257 776 1299 846 ad
1331 775 1492 845 honorem

306 904 434 997 lmperii
453 924 566 973 eorum
584 909 618 972 et
635 902 771 972 salutem
790 903 894 974 nostri
914 903 1001 986 stoli,
1022 904 1090 974 sine
1108 902 1224 974 fraude
1244 908 1277 972 et
1295 902 1379 972 malo
1395 903 1493 995 inge-

307 1033 378 1109 nio;
398 1038 431 1102 et
450 1030 538 1122 quod
556 1051 618 1100 una
639 1051 711 1100 cum
731 1029 817 1101 stolo
837 1029 967 1124 lmperij
989 1053 1101 1102 eorum
1120 1037 1358 1126 persequentur
1371 1029 1493 1100 stolum

307 1159 424 1229 inimici
451 1158 628 1228 maiestatis
657 1179 785 1239 corum,
814 1157 885 1228 siue
911 1158 1060 1228 cristiani
1088 1159 1169 1242 sint,
1199 1158 1270 1228 siue
1293 1156 1430 1250 pagani,
1460 1163 1495 1227 et

308 1287 420 1358 ledent
438 1292 471 1357 et
490 1283 722 1380 expugnabunt
740 1307 813 1355 eum
833 1291 867 1355 et
886 1284 1062 1379 expellent,
1089 1286 1293 1379 iniercntque
1314 1285 1342 1355 ei
1361 1285 1493 1367 malum,

309 1413 397 1508 quod
415 1419 586 1508 poterunt,
612 1411 699 1482 bons
717 1411 798 1496 lide,
825 1413 894 1482 sine
911 1411 1027 1484 fraude
1046 1419 1080 1482 ct
1098 1413 1181 1483 malo
1200 1413 1351 1506 ingenio,
1377 1418 1413 1482 ct
1430 1411 1494 1480 im-

309 1540 499 1636 pugnabunt
513 1561 597 1624 eum,
618 1561 788 1632 quousque
801 1545 835 1610 et
849 1540 953 1610 stolus
972 1542 1184 1635 imperatorie
1198 1539 1400 1612 sublimitatis
1420 1527 1494 1610 cum

309 1669 510 1762 impugnabit
535 1667 707 1739 bonafide
736 1673 769 1738 et
795 1668 865 1738 sine
888 1667 1015 1738 iraudc.
1050 1667 1093 1740 nt
1115 1670 1142 1739 si
1168 1669 1304 1762 aliquam
1328 1673 1495 1739 terrarum

309 1797 424 1868 inimici
443 1796 572 1890 lmperij
588 1817 703 1880 eorum
717 1797 875 1890 ceperint,
896 1795 1051 1867 debemus
1065 1797 1098 1867 iu
1113 1817 1151 1868 ea
1165 1797 1288 1867 hahere
1308 1796 1495 1880 ecclesiam,

311 1923 471 1994 embolum
495 1929 529 1994 et
554 1922 690 2007 scalam,
720 1930 754 1995 et
778 1925 967 1994 conuersari
987 1926 1057 1996 sine
1076 1925 1161 1996 omni
1181 1924 1323 1996 datione.
1351 1921 1496 1993 Verum-

310 2057 418 2122 tamen
444 2051 548 2121 stolus
574 2051 775 2124 celsitudinis
800 2073 914 2122 eorum
934 2051 1032 2123 debet
1056 2059 1164 2123 tantus
1184 2075 1276 2137 ease,
1303 2057 1443 2146 quantus
1463 2055 1499 2120 ct

310 2185 425 2250 noster
453 2184 521 2262 est,
550 2177 604 2247 uel
632 2177 778 2271 amplior.
812 2179 989 2272 Postquam
1014 2201 1094 2250 uero
1121 2177 1302 2250 huiusmodi
1325 2178 1497 2248 seruitium

310 2307 439 2400 lmperij
460 2327 574 2377 corum
594 2305 793 2400 peregerint,
815 2305 935 2377 debent
949 2307 991 2377 de
1010 2307 1112 2400 galeis
1131 2307 1276 2400 egressis
1289 2303 1426 2376 Venetis
1443 2309 1500 2375 tot

310 2435 351 2506 ad
370 2455 460 2504 suam
480 2433 601 2503 habere
625 2433 870 2517 reuersionem,
896 2441 976 2528 quot
995 2436 1042 2504 cis
1062 2436 1247 2506 necessarie
1266 2439 1380 2517 erunt,
1410 2453 1499 2504 con-

310 2564 480 2634 uenienter
498 2566 531 2631 et
549 2561 619 2630 sinc
636 2559 764 2644 fraude,
784 2561 870 2631 bona
888 2561 963 2632 lide.

399 2691 525 2772 ltem,
545 2693 717 2782 postquam
736 2687 920 2758 huiusmodi
940 2688 1035 2782 galee
1043 2687 1210 2758 Venetiam
1225 2686 1450 2782 peruenerint,
1473 2687 1500 2755 si

311 2816 482 2909 Imperium
502 2837 615 2886 eorum
633 2813 792 2901 uoluerit,
819 2839 874 2887 eas
894 2817 1009 2887 iterum
1028 2839 1046 2886 a
1064 2813 1227 2886 Veneticis
1252 2815 1283 2885 in
1307 2813 1500 2886 Romaniam

311 2942 444 3026 reduci,
470 2941 685 3023 reducentem
715 2948 749 3014 et
767 2943 991 3037 unusquisque
1009 2963 1140 3025 corum,
1167 2943 1220 3036 qui
1242 2963 1299 3014 eas
1324 2941 1501 3025 reducent,

314 3071 413 3142 debet
430 3071 552 3142 habere
565 3093 628 3165 pro
643 3071 796 3143 mercede
814 3073 859 3156 id,
879 3073 967 3166 quod
986 3071 1084 3143 luerit
1102 3073 1299 3143 conueniens
1318 3071 1501 3142 secundum

312 3205 450 3292 tempus.
480 3198 515 3268 Si
535 3204 641 3269 autem
661 3199 873 3294 Imperatoria
899 3197 1060 3272 celsitudo
1084 3223 1144 3294 per
1170 3200 1247 3270 alias
1266 3219 1427 3293 personas
1446 3198 1503 3270 uel

313 3350 374 3422 per
392 3325 484 3396 aliam
503 3326 639 3419 aliquam
660 3325 935 3420 dispensationem
961 3327 1104 3399 uoluerit
1127 3325 1308 3398 huiusmodi
1328 3327 1502 3420 galearum

313 3453 536 3525 reuersionem
562 3453 632 3523 lieri
660 3454 837 3525 interram
860 3455 988 3550 lmperij
1015 3473 1146 3538 eorum,
1175 3455 1231 3524 liet
1255 3461 1288 3524 et
1313 3452 1504 3524 huiusmodi

314 3601 424 3652 earum
457 3580 604 3651 reuersio
637 3579 737 3651 licite.
775 3581 871 3652 Etsi
899 3581 1040 3653 uoluerit
1074 3603 1130 3651 cns
1156 3579 1291 3651 Venetie
1325 3579 1503 3664 custodiri,

315 3707 540 3780 custodientur
566 3706 608 3778 ad
636 3707 794 3778 honorem
822 3709 951 3802 lmperij
980 3731 1111 3793 eorum,
1139 3709 1206 3779 acsi
1232 3714 1342 3779 essent
1365 3708 1505 3802 proprie

315 3835 461 3918 Venetis,
482 3834 542 3905 sed
559 3840 668 3905 tamen
687 3855 760 3906 cnm
779 3836 939 3930 imperiali
959 3857 1111 3930 expensa.

405 3961 521 4044 ltem,
542 3962 569 4032 si
586 3961 628 4032 ob
643 3961 774 4054 aliquod
788 3983 964 4056 grauamen
978 3963 1185 4057 nequiuerint
1202 3961 1384 4032 huiusmodi
1405 3962 1505 4057 gnlee

316 4090 492 4161 secundum
516 4087 672 4184 prelixum
696 4089 868 4161 terminum
891 4090 1003 4162 uenire
1021 4081 1209 4182 Venetia¹),
1230 4089 1352 4161 debent
1374 4090 1407 4160 in
1427 4113 1503 4162 ser·

315 4219 427 4290 uitium
450 4217 525 4290 stoli
550 4217 681 4313 lmperij
711 4238 824 4289 eorum
849 4218 977 4312 ingredi
1007 4239 1121 4290 omnes
1144 4218 1267 4290 inuenti
1292 4218 1324 4290 in
1343 4217 1505 4292 Romania

343 4571 370 4646 ¹)
389 4571 565 4628 Venetiam
584 4573 619 4628 ll.
