3148 5080
277 324 326 394 32
656 334 1086 391 Paoruulosrmoronrrauuu.

276 512 310 577 et
342 505 507 589 caritatis,
546 513 663 578 cuncta
696 529 715 576 a
745 505 840 577 nobis
872 513 1014 601 purgata
1051 505 1216 578 discordia
1258 497 1469 601 preterita¹)‚

274 655 335 725 per
353 630 438 702 hanc
455 637 645 726 presentem
664 632 920 702 convenientiam
940 639 973 704 et
992 633 1261 706 constitutionem
1280 633 1471 728 plenissime

273 756 497 842 adfirmamus,
523 764 560 829 ut
582 757 732 828 omnibus
760 759 943 852 profuturis
966 759 1170 854 temporibus
1190 759 1311 832 amodo
1336 761 1470 832 inantea

272 884 391 955 vestris
423 876 612 976 fidelibus²)
641 884 684 955 ad
721 891 835 956 nostra
872 885 946 956 loca
981 887 1170 981 supradicta
1201 889 1332 958 civitate
1362 888 1469 958 lusti·

178 1079 180 1082 .
274 1003 458 1105 nopolim⁸)
478 1011 527 1081 ire
542 1015 576 1082 et
589 1011 697 1082 redire
710 1010 760 1082 vel
775 1005 992 1105 negociare⁴)
1008 1014 1169 1085 securiter
1188 1013 1314 1109 absque
1334 1013 1471 1086 alicuius
1560 1022 1564 1033 “

275 1158 314 1206 ex
333 1137 428 1207 nobis
448 1137 684 1208 contrarietate
703 1137 855 1209 debeant.

367 1261 498 1334 Nullum
509 1286 588 1333 vero
599 1263 767 1334 toloneum
774 1255 805 1356 ⁵)
824 1263 865 1334 ab
883 1265 930 1335 eis
945 1264 1043 1336 nichil
1059 1288 1190 1336 sumere
1205 1266 1396 1350 debeamus,
1418 1265 1476 1336 sed

274 1389 411 1484 pacifice
430 1411 577 1482 remeare
605 1390 646 1460 ad
674 1413 732 1460 sua
756 1390 899 1462 debeant
916 1384 1101 1485 propria⁶)‚
1133 1393 1207 1486 quia
1230 1415 1291 1464 vos
1316 1416 1335 1462 a
1360 1398 1473 1464 vesuta

275 1515 374 1608 digna
399 1514 553 1586 mercede
580 1516 625 1586 ita
658 1512 755 1608 (εγ)
785 1518 908 1588 nostris
941 1518 983 1590 de
1010 1519 1139 1613 prefata
1167 1511 1321 1609 nostra⁸J
1356 1518 1473 1588 civitas

275 1642 453 1713 ostendere
472 1643 597 1736 dignati
616 1644 706 1714 estis.
1567 1719 1568 1732 p

364 1768 459 1839 Unde
469 1791 531 1839 nos
546 1762 666 1860 (ΜΝ)
683 1771 800 1840 vestris
814 1769 1108 1864 predecessoribus
1122 1771 1210 1842 soliti
1224 1771 1337 1841 facere
1350 1771 1473 1841 finimus
1566 1846 1569 1873 Ι

275 1895 442 1966 servitium
461 1894 596 1965 anforas
605 1885 649 1986 ¹⁰)
670 1894 712 1966 de
730 1895 805 1966 vino
826 1904 973 1979 centum3
1004 1903 1037 1967 et
1059 1899 1177 1968 iterum
1201 1897 1295 1968 simili
1315 1889 1471 1989 modo¹¹)
1565 1897 1570 1911 ⁶

270 2021 356 2093 ¹dare
383 2027 417 2093 et
445 2021 625 2116 adimplere
652 2047 713 2116 per
738 2023 890 2118 omnique
914 2047 999 2094 anno
1009 2015 1053 2116 ¹²)
1081 2024 1258 2095 debeamus
1277 2031 1344 2094 tam
1364 2023 1472 2108 vobis,

275 2172 372 2243 quam
392 2154 426 2218 et
444 2172 463 2219 a
483 2147 570 2240 (leg.
590 2149 710 2240 edum)
737 2152 855 2221 vestris
879 2151 1128 2221 successoribus
1154 2143 1312 2245 usque¹¹)
1338 2151 1372 2220 in
1391 2173 1472 2245 per·
1568 2209 1571 2220 .

275 2282 426 2370 petuum;
458 2281 491 2346 et
519 2275 552 2344 in
579 2281 692 2346 nostra
718 2277 849 2347 civitate
874 2275 1025 2348 hahuerit
1049 2269 1277 2369 hominem¹⁴).
1316 2277 1474 2348 Ceterum
1569 2261 1571 2326 Ᾰ

231 2455 235 2464 .
276 2407 385 2472 autem
404 2401 432 2470 si
452 2400 503 2471 rel
529 2423 625 2471 unum
633 2393 678 2493 ¹⁵)
707 2424 747 2471 ex
775 2403 892 2473 restris
911 2401 1075 2473 Veneticis
1101 2404 1143 2474 ad
1162 2411 1278 2474 nostra
1302 2402 1379 2474 loca
1398 2427 1473 2474 mo·
1569 2429 1571 2492 j

274 2525 395 2610 rando,
436 2525 545 2619 legem
585 2526 750 2620 inquirere
783 2527 941 2613 voluerit,
984 2529 1166 2600 secundum
1199 2529 1474 2600 consuetudinem
1569 2529 1571 2624 l

276 2658 422 2724 nostram
441 2661 476 2723 et
493 2658 636 2724 vestram
653 2653 765 2724 facere
785 2654 973 2726 debeamus.
1569 2741 1571 2748 ¹

365 2778 424 2848 Sin
457 2784 586 2864 autem,
629 2779 718 2872 quod
750 2779 855 2864 absit,
898 2803 1011 2851 omnes
1048 2775 1322 2874 habitantibus¹⁶)
1364 2783 1475 2854 Ystric
1569 2763 1571 2846 i

275 2905 444 2976 vobiscum
464 2903 570 2998 aliqua
597 2905 761 2976 turbantia
785 2905 835 2976 vel
859 2907 1007 2978 molestia
1015 2899 1060 3000 ¹⁷)
1091 2907 1279 2992 habuerint,
1305 2932 1368 2979 nos
1393 2933 1474 2980 vero

277 3031 401 3126 absque
420 3023 513 3122 eom)
533 3029 698 3124 predictas
718 3039 849 3102 centum
867 3033 1042 3128 amphoras
1061 3034 1103 3104 de
1122 3035 1210 3117 rino,
1235 3033 1326 3129 quod
1344 3041 1475 3107 rectum

278 3163 345 3241 est,
393 3154 666 3251 quemadmodum
713 3151 846 3250 (ad)¹⁸)
897 3159 1043 3252 pristinis
1092 3160 1299 3255 temporibus
1349 3161 1476 3233 lactum

302 3437 331 3510 ¹)
351 3438 529 3509 pretdisc.
546 3437 754 3493 Garlietllaud.
809 3435 816 3446 ‘
872 3435 874 3475 Ι
916 3437 956 3509 ¹¹)
975 3439 1294 3496 sim.mod.om.Carli.

300 3525 329 3600 ι)
349 3525 743 3582 inantcaornnaaucatri
762 3527 845 3580 tide·
871 3480 874 3556 i
914 3523 954 3597 ¹²)
975 3527 1132 3597 quolibet
1150 3547 1237 3583 anno
1257 3529 1329 3585 carli
1345 3531 1472 3586 stiland.

350 3620 400 3671 las
419 3618 497 3672 Trou.
511 3621 539 3672 et
551 3616 621 3672 Carli
636 3621 664 3671 et
677 3617 761 3671 Dand.
914 3615 956 3686 ¹⁸)
976 3635 1068 3687 quam
1081 3635 1171 3672 suec.
1186 3625 1287 3674 vestr.
1307 3619 1379 3676 Carli
1401 3627 1429 3675 et
1441 3623 1472 3675 l).

301 3706 388 3775 ⁸)ad
433 3709 494 3761 loc.
536 3711 646 3761 nostr.
689 3707 845 3760 ciuitatis
915 3704 1309 3777 ¹⁸)et...hom.om.lland.

348 3795 581 3866 lustinopolis
601 3793 670 3849 Caeli
685 3789 809 3850 atiland.
915 3794 955 3867 ¹⁵)
975 3798 1085 3851 cetui
1105 3797 1234 3869 aliquia
1251 3801 1475 3856 cumvenerit

300 3883 330 3956 t)
350 3893 384 3938 et
397 3885 573 3954 negotiari
594 3885 662 3940 carli
676 3891 705 3939 et
717 3887 798 3940 Dand.
971 3885 1009 3939 ad
1022 3887 1039 3940 l.
1050 3905 1076 3940 n.
1091 3886 1161 3941 Carli
1175 3893 1203 3942 et
1222 3891 1305 3944 Dand.
1325 3891 1376 3946 nisi
1397 3891 1473 3962 quod

350 3977 382 4027 et
396 3975 516 4028 nullum
530 3975 585 4028 tel.
605 3963 682 4028 cisti.
972 3992 1045 4030 exv.
1059 3976 1246 4034 veneticis.

301 3974 330 4046 ⁵)

300 4063 329 4137 ⁸)
349 4063 387 4118 ad
400 4081 513 4134 propr.
526 4065 542 4116 d
553 4065 599 4118 ab.
620 4063 689 4118 Carti
703 4064 827 4119 stiland.
913 4063 954 4135 ¹⁶)
974 4065 1170 4122 habitantes
1184 4068 1264 4131 Uarii,
1277 4069 1349 4140 quod
1360 4087 1474 4126 necesse

301 4153 330 4227 7)
351 4170 400 4207 om.
415 4155 484 4208 Oarli
498 4156 526 4208 et
539 4153 622 4208 Dand.
972 4161 1028 4218 est;
1047 4155 1264 4212 habitatores
1277 4159 1362 4214 Dand.

300 4241 328 4316 Β)
349 4243 446 4298 dicta
468 4243 529 4298 civ.
550 4243 619 4297 (larii
632 4245 755 4298 stiland.
914 4243 954 4316 ¹⁷)
975 4244 1124 4314 aliquam
1163 4249 1381 4304 turbantium
1421 4252 1474 4307 vel

300 4333 329 4406 ⁹)
350 4349 400 4386 om.
420 4331 489 4387 Carli
502 4337 530 4387 ot
545 4332 628 4386 Dand.
972 4335 1158 4388 molestiam
1171 4336 1243 4391 Carli
1257 4342 1285 4393 et
1297 4339 1385 4395 Dand.

292 4422 333 4496 ¹⁰)
353 4423 392 4477 da
417 4427 551 4476 cantum
576 4422 751 4494 amphoris
776 4421 844 4475 vini
913 4421 955 4491 ¹⁸)
975 4422 1024 4478 eia
1044 4425 1126 4478 Dand.

348 4512 419 4568 Carli
432 4517 460 4566 at
473 4513 556 4566 [land.
914 4511 954 4583 ¹⁰)
973 4531 1023 4568 om.
1040 4512 1111 4569 Garli
1125 4517 1154 4568 at
1165 4515 1250 4570 Dand.
