3110 5080
304 343 380 416 444
469 355 561 409 Paene
576 369 663 410 rurus
675 355 824 408 iinunrcnu
838 355 994 408 Dannunnna
1009 367 1045 405 nn
1056 353 1300 408 Cencnsrormros.

304 531 497 608 revertatur,
516 525 588 618 quia
607 531 713 596 tamen
732 523 773 595 ad
791 523 968 595 subsidium
985 522 1108 594 'i'errae
1127 529 1261 594 sanctae
1279 523 1470 616 propensius

303 653 495 748 aspiramus,
516 675 556 723 ne
571 675 746 724 succursus
765 652 837 745 ejus
855 650 971 722 diiatus
989 647 1145 722 hactenus
1160 649 1278 721 diutius
1294 649 1470 734 differatur,

226 811 230 818 ·
303 801 469 850 monemus
495 777 693 851 nobilitatem
719 785 803 850 tuam
832 786 866 850 et
891 775 1097 848 exhortamur
1120 776 1151 848 in
1179 777 1334 862 Domino,
1363 784 1397 848 et
1414 799 1469 869 per

303 905 483 1000 apostolica
500 904 557 976 tihi
572 907 691 1000 scripta
707 907 901 990 mandamus,
921 911 1081 1000 quatenus
1099 909 1135 974 tn
1154 911 1189 974 et
1206 902 1331 986 Veneti,
1351 925 1469 974 recon-

304 1032 400 1104 ciiiati
432 1031 670 1104 ecclesiasticae
703 1035 835 1116 unitati,
878 1037 1087 1126 peccatorum
1118 1038 1300 1102 rostrorum
1332 1031 1471 1102 moeniae

300 1159 519 1251 poenitentiae
532 1158 679 1253 iacrymis
694 1161 839 1255 expietis,
855 1165 920 1231 uta
936 1159 1102 1230 criminum
1120 1157 1192 1228 iabe
1205 1157 1335 1252 purgati
1354 1157 1471 1229 heiium

301 1283 427 1355 Domini
445 1285 576 1379 possitis
596 1288 625 1356 in
644 1287 786 1379 puritate
804 1286 914 1358 cordis
933 1291 967 1357 ei
985 1283 1134 1379 corporis
1152 1282 1322 1378 praeliari,
1352 1307 1415 1376 nec
1431 1286 1470 1355 de

301 1410 501 1482 multitudine
521 1411 568 1481 rei
588 1413 733 1506 potentia
752 1419 871 1497 uestra,
897 1411 947 1482 sei
967 1434 1005 1481 ex
1023 1433 1077 1495 so,
1097 1409 1184 1504 quod
1203 1431 1364 1504 prospere
1382 1409 1470 1480 rohis

300 1537 461 1608 successit
474 1536 641 1622 hactenus,
656 1540 880 1632 praesumatis,
895 1537 954 1610 sed
968 1543 1088 1632 quanio
1103 1536 1195 1629 piura
1208 1535 1366 1606 Dominus
1380 1536 1469 1606 robis

298 1670 429 1756 praeter
443 1664 556 1736 merita
571 1672 677 1736 vestra
691 1665 865 1746 concessit,
884 1671 976 1736 tanto
996 1687 1055 1734 sos
1073 1661 1207 1756 ampiins
1225 1662 1257 1732 in
1276 1662 1350 1756 ejus
1370 1661 1469 1733 cerdis

298 1788 463 1860 humiliare
477 1793 617 1872 curetis3
638 1799 671 1862 ei
683 1791 838 1886 patientia
853 1791 925 1884 ejus
939 1791 980 1861 ad
994 1789 1225 1884 poenitentiam
1238 1811 1297 1857 vos
1316 1787 1467 1871 adducat,

299 1923 346 2001 ut,
365 1915 568 1988 absolutione
583 1919 614 1988 in
628 1917 805 1989 humilitate
818 1917 962 2011 quaesita
982 1923 1016 1988 et
1033 1939 1105 1987 cum
1119 1914 1291 1986 devotione
1306 1923 1469 2010 suscepta,

296 2022 533 2138 recuperationi
553 2043 677 2115 Terrae
695 2050 827 2114 sanctae
844 2042 922 2114 toiis
941 2043 1061 2114 ririhus
1079 2041 1249 2126 insistatis,
1268 2041 1422 2135 qnoniam
1439 2041 1470 2112 id

296 2167 497 2262 potissimum
513 2169 575 2239 erii
587 2169 678 2241 vohis
693 2177 726 2241 et
740 2169 937 2241 meritorium
953 2170 1035 2264 apud
1046 2169 1149 2239 Deum
1168 2173 1201 2238 et
1220 2167 1307 2264 apud
1325 2167 1470 2240 homines

298 2293 486 2387 gloriosum.

385 2419 452 2491 Nos
471 2427 593 2505 autem,
613 2421 700 2516 quod
720 2423 778 2517 ipsi
798 2424 921 2495 Terrae
940 2422 1115 2494 videbimus
1135 2421 1300 2518 expedire,
1325 2423 1469 2494 studehi·

298 2569 379 2632 mus,
399 2547 497 2619 danie
516 2548 664 2632 Domino,
684 2549 859 2620 efficaciter
877 2573 1067 2645 procurare.

386 2675 502 2745 Datum
520 2675 671 2758 Annorum,
691 2674 732 2745 Vi
751 2675 813 2748 idai.
833 2677 950 2748 Martii.

753 2855 849 2927 cxlx
869 2865 902 2928 et
922 2857 1014 2928 CXX.

295 2981 331 3041 A.
357 2979 443 3042 isaie
461 2979 535 3043 inita
550 2981 629 3043 inter
644 2979 788 3043 dominun
804 2979 955 3044 denrienm
970 2981 1076 3045 iineen
1091 2981 1221 3060 isachio,
1243 2987 1274 3046 et
1289 2981 1466 3048 Beniisein

355 3087 549 3152 marchionem
565 3089 784 3171 doniisierrsti,
808 3095 837 3153 et
853 3089 1024 3154 iaidninnn
1040 3091 1172 3156 cernite·
1189 3091 1419 3172 Pistoriensem,
1440 3095 1468 3154 et

354 3195 1466 3284 inierim·ceniteniiesensenr,inceptioneurhisdsnsinntinpsiiiue.
1531 3249 1534 3256 ⁴

695 3303 724 3358 i.
737 3303 762 3358 d.
777 3304 856 3366 1204,
869 3321 957 3359 mense
970 3305 1071 3360 hieriio.

383 3392 477 3459 Liber
499 3393 592 3458 dibus
614 3395 664 3459 iol.
691 3397 839 3469 30-32;
870 3396 1023 3464 32⁵-31h
1054 3397 1137 3461 Libri
1160 3397 1318 3462 Paetorum
1340 3399 1370 3470 i,
1398 3397 1463 3462 ito.

297 3499 388 3565 inei.
407 3500 507 3567 Codex
523 3504 588 3568 Lat.
606 3505 658 3568 St.
676 3503 1064 3592 Marci‚228,soi.1-2.
1082 3505 1180 3570 Codex
1197 3504 1465 3572 dmhrosienus

295 3611 456 3676 secundum
473 3613 663 3677 idurstorium
679 3613 715 3677 ad
732 3613 895 3678 chronicon
910 3612 1037 3678 Danduii
1051 3613 1072 3678 i.
1089 3635 1116 3680 c.
1133 3635 1162 3698 p.
1181 3615 1256 3680 326.

382 3718 561 3785 Ediderunt:
587 3721 799 3807 Brdquigny
815 3723 844 3786 in
860 3723 1022 3788 innocentii
1033 3723 1069 3787 ili
1084 3723 1220 3818 episioiis
1235 3723 1286 3810 (ii,
1299 3723 1331 3795 2,
1349 3743 1379 3807 p.
1396 3723 1465 3793 623.

296 3825 353 3892 hoc
375 3828 476 3893 titulo:
511 3831 747 3896 instrumentum
775 3833 949 3898 concordie
977 3833 1059 3898 inter
1087 3832 1212 3898 comites
1238 3832 1372 3897 Ficndr.
1402 3836 1465 3902 ete..

290 3937 409 4002 march.
436 3939 574 4024 Montiss.
597 3945 629 4003 et
656 3937 806 4024 Venetos).
833 3939 1062 4005 iiuraiorius
1088 3939 1108 4004 i.
1134 3961 1160 4004 c.
1197 3940 1313 4004 Deinde
1329 3939 1410 4004 Nos
1434 3941 1461 4002 in

295 4044 444 4130 Symhoiis
455 4047 582 4117 criticis,
595 4049 806 4132 geographiam
819 4049 1006 4132 Byzantinem
1019 4049 1234 4135 spectantibus.
1246 4047 1463 4114 commentatii

296 4151 546 4236 (hhheudiungen
573 4154 627 4218 der
654 4153 680 4220 in
709 4155 905 4242 hayerischen
933 4157 1094 4224 diademis
1121 4159 1175 4223 der
1198 4157 1464 4228 Wissenschaiten.

295 4257 398 4326 Classe
414 4262 461 4338 iii,
479 4261 543 4325 Voi.
562 4261 597 4333 V,
615 4263 696 4328 Seet.
714 4265 768 4351 ΙΙ).
1253 4321 1256 4326 -

382 4367 585 4454 Repetendum
597 4374 712 4436 curavit
724 4375 850 4459 diploma
863 4379 891 4441 B
904 4384 971 4460 post
984 4377 1082 4440 Buch
1093 4397 1146 4438 on.
1159 4377 1242 4439 rech.
1256 4383 1288 4439 et
1301 4385 1369 4438 mat
1383 4375 1415 4448 ii,
1425 4375 1463 4436 iiii

296 4481 382 4543 etiarn
406 4477 671 4544 Pauiin-Paris
695 4481 724 4545 in
744 4483 874 4547 editione
896 4504 949 4548 sus
972 4483 1186 4550 Viiieharduini
1208 4484 1303 4547 Paris.
1325 4485 1417 4558 1838,
1438 4484 1463 4546 in

293 4587 369 4650 notis
383 4606 411 4669 p.
424 4587 499 4662 290,
518 4607 573 4653 nec
585 4596 681 4652 emen
694 4591 744 4662 iia,
757 4595 789 4654 ut
802 4591 967 4654 sedulitatis
980 4593 1124 4675 integram
1139 4591 1254 4656 iaudem
1268 4592 1462 4678 acquisiverit.
