<?xml version="1.0" encoding="UTF-8"?>
<!DOCTYPE html PUBLIC "-//W3C//DTD XHTML 1.0 Transitional//EN"
    "http://www.w3.org/TR/xhtml1/DTD/xhtml1-transitional.dtd">
<html xmlns="http://www.w3.org/1999/xhtml" xml:lang="en" lang="en">
 <head>
  <title>
</title>
<meta http-equiv="Content-Type" content="text/html;charset=utf-8" />
  <meta name='ocr-system' content='tesseract 3.04.00' />
  <meta name='ocr-capabilities' content='ocr_page ocr_carea ocr_par ocr_line ocrx_word'/>
</head>
<body>
  <div class='ocr_page' id='page_1' title='image "./fontesrerumaust07kommgoog_0308.png"; bbox 0 0 3120 5078; ppageno 0'>
   <div class='ocr_carea' id='block_1_1' title="bbox 298 311 1244 386">
    <p class='ocr_par' dir='ltr' id='par_1_1' title="bbox 298 311 1244 386">
     <span class='ocr_line' id='line_1_1' title="bbox 298 311 1244 386; baseline 0.002 -8"><span class='ocrx_word' id='word_1_1' title='bbox 298 323 406 378; x_wconf 77' lang='lat' dir='ltr'><strong>errna</strong></span> <span class='ocrx_word' id='word_1_2' title='bbox 423 323 522 380; x_wconf 80' lang='lat' dir='ltr'><strong>lurroo.</strong></span> <span class='ocrx_word' id='word_1_3' title='bbox 534 323 568 380; x_wconf 94' lang='lat' dir='ltr'><strong>lll</strong></span> <span class='ocrx_word' id='word_1_4' title='bbox 582 341 617 378; x_wconf 84' lang='lat' dir='ltr'><strong>nr</strong></span> <span class='ocrx_word' id='word_1_5' title='bbox 631 340 713 378; x_wconf 79' lang='lat' dir='ltr'><strong>recu.</strong></span> <span class='ocrx_word' id='word_1_6' title='bbox 726 323 754 377; x_wconf 92' lang='lat' dir='ltr'><strong>S.</strong></span> <span class='ocrx_word' id='word_1_7' title='bbox 767 325 860 380; x_wconf 78' lang='lat' dir='ltr'><strong>llaum</strong></span> <span class='ocrx_word' id='word_1_8' title='bbox 873 341 909 378; x_wconf 81' lang='lat' dir='ltr'><strong>ue</strong></span> <span class='ocrx_word' id='word_1_9' title='bbox 922 323 1010 378; x_wconf 81' lang='lat' dir='ltr'><strong>Trno.</strong></span> <span class='ocrx_word' id='word_1_10' title='bbox 1169 311 1244 386; x_wconf 82' lang='grc'><strong>285</strong></span> 
     </span>
    </p>
   </div>
   <div class='ocr_carea' id='block_1_2' title="bbox 9 493 1253 3251">
    <p class='ocr_par' dir='ltr' id='par_1_2' title="bbox 9 493 1253 3251">
     <span class='ocr_line' id='line_1_2' title="bbox 70 493 1248 590; baseline 0.001 -28"><span class='ocrx_word' id='word_1_11' title='bbox 70 501 308 566; x_wconf 86' lang='lat' dir='ltr'><strong>concesseruut</strong></span> <span class='ocrx_word' id='word_1_12' title='bbox 326 493 495 589; x_wconf 88' lang='lat' dir='ltr'><strong>Venecijs,</strong></span> <span class='ocrx_word' id='word_1_13' title='bbox 520 495 688 568; x_wconf 79' lang='lat' dir='ltr'><strong>manifeste</strong></span> <span class='ocrx_word' id='word_1_14' title='bbox 712 501 819 589; x_wconf 89' lang='lat' dir='ltr'><strong>patet,</strong></span> <span class='ocrx_word' id='word_1_15' title='bbox 844 495 970 568; x_wconf 78' lang='lat' dir='ltr'><strong>litteras</strong></span> <span class='ocrx_word' id='word_1_16' title='bbox 993 495 1080 588; x_wconf 91' lang='lat' dir='ltr'><strong>ipsas</strong></span> <span class='ocrx_word' id='word_1_17' title='bbox 1099 518 1160 590; x_wconf 92' lang='lat' dir='ltr'><strong>per</strong></span> <span class='ocrx_word' id='word_1_18' title='bbox 1179 495 1248 566; x_wconf 89' lang='lat' dir='ltr'><strong>ueri</strong></span> 
     </span>
     <span class='ocr_line' id='line_1_3' title="bbox 69 621 1250 713; baseline 0.003 -25"><span class='ocrx_word' id='word_1_19' title='bbox 69 621 328 713; x_wconf 77' lang='lat' dir='ltr'>suppressionem</span> <span class='ocrx_word' id='word_1_20' title='bbox 348 623 517 706; x_wconf 88' lang='lat' dir='ltr'><strong>obtentas;</strong></span> <span class='ocrx_word' id='word_1_21' title='bbox 537 645 611 696; x_wconf 86' lang='lat' dir='ltr'><strong>curu</strong></span> <span class='ocrx_word' id='word_1_22' title='bbox 629 646 694 694; x_wconf 93' lang='lat' dir='ltr'><strong>nou</strong></span> <span class='ocrx_word' id='word_1_23' title='bbox 713 624 840 694; x_wconf 87' lang='lat' dir='ltr'><strong>ueniret</strong></span> <span class='ocrx_word' id='word_1_24' title='bbox 857 623 888 694; x_wconf 94' lang='lat' dir='ltr'><strong>in</strong></span> <span class='ocrx_word' id='word_1_25' title='bbox 909 623 1056 708; x_wconf 91' lang='lat' dir='ltr'><strong>dubium,</strong></span> <span class='ocrx_word' id='word_1_26' title='bbox 1081 623 1141 694; x_wconf 88' lang='lat' dir='ltr'><strong>sed</strong></span> <span class='ocrx_word' id='word_1_27' title='bbox 1162 627 1250 694; x_wconf 91' lang='lat' dir='ltr'><strong>esset</strong></span> 
     </span>
     <span class='ocr_line' id='line_1_4' title="bbox 66 747 1250 842; baseline 0.001 -25"><span class='ocrx_word' id='word_1_28' title='bbox 66 747 176 839; x_wconf 87' lang='lat' dir='ltr'><strong>potius</strong></span> <span class='ocrx_word' id='word_1_29' title='bbox 202 749 423 830; x_wconf 79' lang='lat' dir='ltr'><strong>manifestum,</strong></span> <span class='ocrx_word' id='word_1_30' title='bbox 453 749 559 820; x_wconf 90' lang='lat' dir='ltr'><strong>dictos</strong></span> <span class='ocrx_word' id='word_1_31' title='bbox 582 750 807 822; x_wconf 86' lang='lat' dir='ltr'><strong>dcconeusem</strong></span> <span class='ocrx_word' id='word_1_32' title='bbox 833 757 866 820; x_wconf 89' lang='lat' dir='ltr'><strong>et</strong></span> <span class='ocrx_word' id='word_1_33' title='bbox 888 749 1091 820; x_wconf 89' lang='lat' dir='ltr'><strong>Beriteusem</strong></span> <span class='ocrx_word' id='word_1_34' title='bbox 1118 749 1250 842; x_wconf 90' lang='lat' dir='ltr'><strong>episeo-</strong></span> 
     </span>
     <span class='ocr_line' id='line_1_5' title="bbox 65 865 1245 971; baseline 0.004 -30"><span class='ocrx_word' id='word_1_35' title='bbox 65 865 166 966; x_wconf 88' lang='lat' dir='ltr'><strong>pos¹)</strong></span> <span class='ocrx_word' id='word_1_36' title='bbox 194 874 298 945; x_wconf 92' lang='lat' dir='ltr'><strong>eidem</strong></span> <span class='ocrx_word' id='word_1_37' title='bbox 321 874 568 970; x_wconf 80' lang='lat' dir='ltr'><strong>archiepiscopo</strong></span> <span class='ocrx_word' id='word_1_38' title='bbox 595 883 754 971; x_wconf 76' lang='lat' dir='ltr'><strong>tamquam</strong></span> <span class='ocrx_word' id='word_1_39' title='bbox 779 875 1005 968; x_wconf 81' lang='lat' dir='ltr'><strong>suffraganeos</strong></span> <span class='ocrx_word' id='word_1_40' title='bbox 1030 900 1090 947; x_wconf 89' lang='lat' dir='ltr'><strong>suo</strong></span> <span class='ocrx_word' id='word_1_41' title='bbox 1119 882 1245 946; x_wconf 89' lang='lat' dir='ltr'><strong>metro·</strong></span> 
     </span>
     <span class='ocr_line' id='line_1_6' title="bbox 65 999 1248 1098; baseline 0.002 -28"><span class='ocrx_word' id='word_1_42' title='bbox 65 999 210 1093; x_wconf 89' lang='lat' dir='ltr'><strong>politauo</strong></span> <span class='ocrx_word' id='word_1_43' title='bbox 230 1001 378 1085; x_wconf 80' lang='lat' dir='ltr'><strong>subesse,</strong></span> <span class='ocrx_word' id='word_1_44' title='bbox 407 1025 445 1072; x_wconf 90' lang='lat' dir='ltr'><strong>ae</strong></span> <span class='ocrx_word' id='word_1_45' title='bbox 465 1025 504 1072; x_wconf 86' lang='lat' dir='ltr'><strong>ex</strong></span> <span class='ocrx_word' id='word_1_46' title='bbox 522 1001 571 1072; x_wconf 90' lang='lat' dir='ltr'><strong>his</strong></span> <span class='ocrx_word' id='word_1_47' title='bbox 591 1001 762 1098; x_wconf 79' lang='lat' dir='ltr'><strong>plebanum</strong></span> <span class='ocrx_word' id='word_1_48' title='bbox 781 1003 884 1096; x_wconf 92' lang='lat' dir='ltr'><strong>ipsum</strong></span> <span class='ocrx_word' id='word_1_49' title='bbox 903 1002 1047 1095; x_wconf 83' lang='lat' dir='ltr'><strong>legitime</strong></span> <span class='ocrx_word' id='word_1_50' title='bbox 1067 1001 1248 1096; x_wconf 77' lang='lat' dir='ltr'><strong>appellasse</strong></span> 
     </span>
     <span class='ocr_line' id='line_1_7' title="bbox 67 1129 1248 1224; baseline 0 -26"><span class='ocrx_word' id='word_1_51' title='bbox 67 1135 256 1212; x_wconf 86' lang='lat' dir='ltr'><strong>constaret,</strong></span> <span class='ocrx_word' id='word_1_52' title='bbox 280 1129 312 1200; x_wconf 90' lang='lat' dir='ltr'><strong>iu</strong></span> <span class='ocrx_word' id='word_1_53' title='bbox 332 1153 428 1222; x_wconf 90' lang='lat' dir='ltr'><strong>quem</strong></span> <span class='ocrx_word' id='word_1_54' title='bbox 448 1131 562 1212; x_wconf 90' lang='lat' dir='ltr'><strong>etiam,</strong></span> <span class='ocrx_word' id='word_1_55' title='bbox 590 1130 780 1202; x_wconf 90' lang='lat' dir='ltr'><strong>etsi·minus</strong></span> <span class='ocrx_word' id='word_1_56' title='bbox 805 1129 950 1222; x_wconf 88' lang='lat' dir='ltr'><strong>legitime</strong></span> <span class='ocrx_word' id='word_1_57' title='bbox 976 1129 1189 1224; x_wconf 85' lang='lat' dir='ltr'><strong>appellasset,</strong></span> <span class='ocrx_word' id='word_1_58' title='bbox 1214 1135 1248 1199; x_wconf 94' lang='lat' dir='ltr'><strong>et</strong></span> 
     </span>
     <span class='ocr_line' id='line_1_8' title="bbox 9 1255 1249 1352; baseline 0.006 -34"><span class='ocrx_word' id='word_1_59' title='bbox 9 1309 10 1318; x_wconf 73' lang='grc'>,</span> <span class='ocrx_word' id='word_1_60' title='bbox 67 1255 194 1326; x_wconf 87' lang='lat' dir='ltr'><strong>iudices</strong></span> <span class='ocrx_word' id='word_1_61' title='bbox 213 1257 284 1350; x_wconf 88' lang='lat' dir='ltr'><strong>ipsi,</strong></span> <span class='ocrx_word' id='word_1_62' title='bbox 305 1257 383 1328; x_wconf 90' lang='lat' dir='ltr'><strong>licet</strong></span> <span class='ocrx_word' id='word_1_63' title='bbox 400 1263 537 1352; x_wconf 88' lang='lat' dir='ltr'><strong>propter</strong></span> <span class='ocrx_word' id='word_1_64' title='bbox 556 1257 790 1328; x_wconf 80' lang='lat' dir='ltr'><strong>contumaciam</strong></span> <span class='ocrx_word' id='word_1_65' title='bbox 807 1256 1144 1328; x_wconf 86' lang='lat' dir='ltr'><strong>excommunicationis</strong></span> <span class='ocrx_word' id='word_1_66' title='bbox 1163 1255 1249 1326; x_wconf 84' lang='lat' dir='ltr'><strong>sorte</strong></span> 
     </span>
     <span class='ocr_line' id='line_1_9' title="bbox 9 1377 1249 1478; baseline -0.002 -24"><span class='ocrx_word' id='word_1_67' title='bbox 9 1377 11 1468; x_wconf 58' lang='grc' dir='ltr'>ξ</span> <span class='ocrx_word' id='word_1_68' title='bbox 66 1385 238 1476; x_wconf 91' lang='lat' dir='ltr'><strong>potuerint</strong></span> <span class='ocrx_word' id='word_1_69' title='bbox 261 1385 471 1478; x_wconf 86' lang='lat' dir='ltr'><strong>promulgare</strong></span> <span class='ocrx_word' id='word_1_70' title='bbox 497 1384 706 1467; x_wconf 89' lang='lat' dir='ltr'><strong>seutentiam,</strong></span> <span class='ocrx_word' id='word_1_71' title='bbox 733 1406 799 1454; x_wconf 94' lang='lat' dir='ltr'><strong>non</strong></span> <span class='ocrx_word' id='word_1_72' title='bbox 825 1391 932 1454; x_wconf 89' lang='lat' dir='ltr'><strong>tamen</strong></span> <span class='ocrx_word' id='word_1_73' title='bbox 952 1383 1126 1454; x_wconf 84' lang='lat' dir='ltr'><strong>debuerint</strong></span> <span class='ocrx_word' id='word_1_74' title='bbox 1151 1405 1249 1475; x_wconf 90' lang='lat' dir='ltr'><strong>super</strong></span> 
     </span>
     <span class='ocr_line' id='line_1_10' title="bbox 67 1505 1249 1604; baseline 0 -24"><span class='ocrx_word' id='word_1_75' title='bbox 67 1509 238 1602; x_wconf 88' lang='lat' dir='ltr'><strong>principali</strong></span> <span class='ocrx_word' id='word_1_76' title='bbox 264 1513 399 1603; x_wconf 77' lang='lat' dir='ltr'><strong>negotio</strong></span> <span class='ocrx_word' id='word_1_77' title='bbox 421 1505 670 1603; x_wconf 85' lang='lat' dir='ltr'><strong>diffinitiuam²),</strong></span> <span class='ocrx_word' id='word_1_78' title='bbox 695 1511 751 1584; x_wconf 90' lang='lat' dir='ltr'><strong>lite</strong></span> <span class='ocrx_word' id='word_1_79' title='bbox 769 1534 836 1582; x_wconf 94' lang='lat' dir='ltr'><strong>nou</strong></span> <span class='ocrx_word' id='word_1_80' title='bbox 855 1517 1054 1594; x_wconf 86' lang='lat' dir='ltr'><strong>contestata,</strong></span> <span class='ocrx_word' id='word_1_81' title='bbox 1081 1511 1249 1604; x_wconf 80' lang='lat' dir='ltr'><strong>prolerre:</strong></span> 
     </span>
     <span class='ocr_line' id='line_1_11' title="bbox 68 1636 1250 1732; baseline 0.003 -27"><span class='ocrx_word' id='word_1_82' title='bbox 68 1636 237 1732; x_wconf 85' lang='lat' dir='ltr'><strong>predictus</strong></span> <span class='ocrx_word' id='word_1_83' title='bbox 258 1639 454 1722; x_wconf 86' lang='lat' dir='ltr'><strong>sentencias,</strong></span> <span class='ocrx_word' id='word_1_84' title='bbox 475 1637 516 1708; x_wconf 90' lang='lat' dir='ltr'><strong>ab</strong></span> <span class='ocrx_word' id='word_1_85' title='bbox 531 1637 652 1709; x_wconf 88' lang='lat' dir='ltr'><strong>eisdem</strong></span> <span class='ocrx_word' id='word_1_86' title='bbox 670 1637 831 1708; x_wconf 86' lang='lat' dir='ltr'><strong>iudicibus</strong></span> <span class='ocrx_word' id='word_1_87' title='bbox 849 1636 943 1720; x_wconf 91' lang='lat' dir='ltr'><strong>latas,</strong></span> <span class='ocrx_word' id='word_1_88' title='bbox 963 1637 1004 1708; x_wconf 91' lang='lat' dir='ltr'><strong>de</strong></span> <span class='ocrx_word' id='word_1_89' title='bbox 1023 1637 1161 1708; x_wconf 88' lang='lat' dir='ltr'><strong>consilio</strong></span> <span class='ocrx_word' id='word_1_90' title='bbox 1179 1637 1250 1708; x_wconf 85' lang='lat' dir='ltr'><strong>lra-</strong></span> 
     </span>
     <span class='ocr_line' id='line_1_12' title="bbox 67 1765 1250 1851; baseline 0 -15"><span class='ocrx_word' id='word_1_91' title='bbox 67 1770 152 1836; x_wconf 84' lang='lat' dir='ltr'><strong>trum</strong></span> <span class='ocrx_word' id='word_1_92' title='bbox 168 1770 359 1835; x_wconf 91' lang='lat' dir='ltr'><strong>nostrorum</strong></span> <span class='ocrx_word' id='word_1_93' title='bbox 375 1765 585 1849; x_wconf 88' lang='lat' dir='ltr'><strong>cassauimus,</strong></span> <span class='ocrx_word' id='word_1_94' title='bbox 600 1767 696 1835; x_wconf 91' lang='lat' dir='ltr'><strong>immo</strong></span> <span class='ocrx_word' id='word_1_95' title='bbox 712 1789 823 1836; x_wconf 89' lang='lat' dir='ltr'><strong>cassas</strong></span> <span class='ocrx_word' id='word_1_96' title='bbox 841 1765 1065 1836; x_wconf 90' lang='lat' dir='ltr'><strong>denuntiamus</strong></span> <span class='ocrx_word' id='word_1_97' title='bbox 1081 1773 1114 1836; x_wconf 88' lang='lat' dir='ltr'><strong>et</strong></span> <span class='ocrx_word' id='word_1_98' title='bbox 1128 1767 1250 1851; x_wconf 91' lang='lat' dir='ltr'><strong>inanes,</strong></span> 
     </span>
     <span class='ocr_line' id='line_1_13' title="bbox 69 1891 1251 1988; baseline 0 -26"><span class='ocrx_word' id='word_1_99' title='bbox 69 1895 101 1962; x_wconf 90' lang='lat' dir='ltr'><strong>et</strong></span> <span class='ocrx_word' id='word_1_100' title='bbox 126 1915 191 1986; x_wconf 90' lang='lat' dir='ltr'><strong>per</strong></span> <span class='ocrx_word' id='word_1_101' title='bbox 218 1915 276 1962; x_wconf 89' lang='lat' dir='ltr'><strong>eas</strong></span> <span class='ocrx_word' id='word_1_102' title='bbox 304 1891 423 1963; x_wconf 93' lang='lat' dir='ltr'><strong>nullum</strong></span> <span class='ocrx_word' id='word_1_103' title='bbox 451 1891 656 1988; x_wconf 89' lang='lat' dir='ltr'><strong>preiuditium</strong></span> <span class='ocrx_word' id='word_1_104' title='bbox 685 1891 823 1964; x_wconf 86' lang='lat' dir='ltr'><strong>ecclesie</strong></span> <span class='ocrx_word' id='word_1_105' title='bbox 848 1893 954 1964; x_wconf 87' lang='lat' dir='ltr'><strong>sancti</strong></span> <span class='ocrx_word' id='word_1_106' title='bbox 976 1892 1076 1964; x_wconf 88' lang='lat' dir='ltr'><strong>blarci</strong></span> <span class='ocrx_word' id='word_1_107' title='bbox 1100 1892 1154 1964; x_wconf 91' lang='lat' dir='ltr'><strong>uel</strong></span> <span class='ocrx_word' id='word_1_108' title='bbox 1181 1893 1251 1964; x_wconf 90' lang='lat' dir='ltr'><strong>eius</strong></span> 
     </span>
     <span class='ocr_line' id='line_1_14' title="bbox 68 2017 1197 2112; baseline 0 -24"><span class='ocrx_word' id='word_1_109' title='bbox 68 2017 241 2090; x_wconf 84' lang='lat' dir='ltr'><strong>fauoribus</strong></span> <span class='ocrx_word' id='word_1_110' title='bbox 260 2018 409 2090; x_wconf 89' lang='lat' dir='ltr'><strong>uolumus</strong></span> <span class='ocrx_word' id='word_1_111' title='bbox 428 2019 581 2112; x_wconf 79' lang='lat' dir='ltr'><strong>irrogari.</strong></span> <span class='ocrx_word' id='word_1_112' title='bbox 1195 2089 1197 2096; x_wconf 73' lang='grc'><strong>,</strong></span> 
     </span>
     <span class='ocr_line' id='line_1_15' title="bbox 156 2143 1251 2237; baseline 0.001 -23"><span class='ocrx_word' id='word_1_113' title='bbox 156 2143 253 2216; x_wconf 90' lang='lat' dir='ltr'><strong>Vnde</strong></span> <span class='ocrx_word' id='word_1_114' title='bbox 272 2143 360 2214; x_wconf 89' lang='lat' dir='ltr'><strong>dicto</strong></span> <span class='ocrx_word' id='word_1_115' title='bbox 380 2144 518 2236; x_wconf 73' lang='lat' dir='ltr'><strong>&#39;iprensi</strong></span> <span class='ocrx_word' id='word_1_116' title='bbox 537 2143 786 2237; x_wconf 89' lang='lat' dir='ltr'><strong>archiepiscopo</strong></span> <span class='ocrx_word' id='word_1_117' title='bbox 806 2143 952 2214; x_wconf 86' lang='lat' dir='ltr'><strong>dedimus</strong></span> <span class='ocrx_word' id='word_1_118' title='bbox 971 2145 1003 2215; x_wconf 91' lang='lat' dir='ltr'><strong>in</strong></span> <span class='ocrx_word' id='word_1_119' title='bbox 1025 2145 1194 2229; x_wconf 91' lang='lat' dir='ltr'><strong>mandatis,</strong></span> <span class='ocrx_word' id='word_1_120' title='bbox 1214 2154 1251 2216; x_wconf 93' lang='lat' dir='ltr'><strong>ut</strong></span> 
     </span>
     <span class='ocr_line' id='line_1_16' title="bbox 9 2270 1246 2366; baseline 0.002 -26"><span class='ocrx_word' id='word_1_121' title='bbox 9 2295 10 2340; x_wconf 76' lang='lat'>3</span> <span class='ocrx_word' id='word_1_122' title='bbox 65 2271 122 2366; x_wconf 91' lang='lat' dir='ltr'><strong>ipsi</strong></span> <span class='ocrx_word' id='word_1_123' title='bbox 137 2271 282 2342; x_wconf 90' lang='lat' dir='ltr'><strong>ecclesie</strong></span> <span class='ocrx_word' id='word_1_124' title='bbox 297 2270 400 2341; x_wconf 87' lang='lat' dir='ltr'><strong>sancti</strong></span> <span class='ocrx_word' id='word_1_125' title='bbox 416 2271 516 2341; x_wconf 89' lang='lat' dir='ltr'><strong>llarci</strong></span> <span class='ocrx_word' id='word_1_126' title='bbox 535 2276 569 2342; x_wconf 89' lang='lat' dir='ltr'><strong>ct</strong></span> <span class='ocrx_word' id='word_1_127' title='bbox 585 2271 798 2342; x_wconf 86' lang='lat' dir='ltr'><strong>iustrumenta</strong></span> <span class='ocrx_word' id='word_1_128' title='bbox 816 2271 978 2353; x_wconf 90' lang='lat' dir='ltr'><strong>restituat,</strong></span> <span class='ocrx_word' id='word_1_129' title='bbox 999 2277 1032 2342; x_wconf 92' lang='lat' dir='ltr'><strong>et</strong></span> <span class='ocrx_word' id='word_1_130' title='bbox 1047 2273 1162 2355; x_wconf 91' lang='lat' dir='ltr'><strong>etiam,</strong></span> <span class='ocrx_word' id='word_1_131' title='bbox 1184 2295 1246 2365; x_wconf 93' lang='lat' dir='ltr'><strong>que</strong></span> 
     </span>
     <span class='ocr_line' id='line_1_17' title="bbox 9 2395 1248 2494; baseline 0.002 -29"><span class='ocrx_word' id='word_1_132' title='bbox 9 2465 11 2486; x_wconf 72' lang='lat'>‚</span> <span class='ocrx_word' id='word_1_133' title='bbox 67 2395 160 2468; x_wconf 91' lang='lat' dir='ltr'><strong>huius</strong></span> <span class='ocrx_word' id='word_1_134' title='bbox 176 2396 354 2468; x_wconf 85' lang='lat' dir='ltr'><strong>occasione</strong></span> <span class='ocrx_word' id='word_1_135' title='bbox 372 2397 532 2467; x_wconf 91' lang='lat' dir='ltr'><strong>sententie</strong></span> <span class='ocrx_word' id='word_1_136' title='bbox 550 2419 610 2491; x_wconf 91' lang='lat' dir='ltr'><strong>per</strong></span> <span class='ocrx_word' id='word_1_137' title='bbox 629 2419 666 2466; x_wconf 91' lang='lat' dir='ltr'><strong>se</strong></span> <span class='ocrx_word' id='word_1_138' title='bbox 685 2395 738 2466; x_wconf 92' lang='lat' dir='ltr'><strong>uel</strong></span> <span class='ocrx_word' id='word_1_139' title='bbox 757 2395 838 2468; x_wconf 90' lang='lat' dir='ltr'><strong>alios</strong></span> <span class='ocrx_word' id='word_1_140' title='bbox 858 2398 1048 2490; x_wconf 89' lang='lat' dir='ltr'><strong>occupauit;</strong></span> <span class='ocrx_word' id='word_1_141' title='bbox 1069 2421 1130 2468; x_wconf 91' lang='lat' dir='ltr'><strong>nec</strong></span> <span class='ocrx_word' id='word_1_142' title='bbox 1144 2397 1248 2494; x_wconf 93' lang='lat' dir='ltr'><strong>impe-</strong></span> 
     </span>
     <span class='ocr_line' id='line_1_18' title="bbox 9 2515 1245 2616; baseline 0.001 -24"><span class='ocrx_word' id='word_1_143' title='bbox 9 2541 11 2584; x_wconf 70' lang='lat' dir='ltr'><strong>t</strong></span> <span class='ocrx_word' id='word_1_144' title='bbox 68 2522 143 2606; x_wconf 88' lang='lat' dir='ltr'><strong>diat,</strong></span> <span class='ocrx_word' id='word_1_145' title='bbox 165 2523 351 2616; x_wconf 90' lang='lat' dir='ltr'><strong>quominus,</strong></span> <span class='ocrx_word' id='word_1_146' title='bbox 371 2523 541 2594; x_wconf 86' lang='lat' dir='ltr'><strong>sieutante</strong></span> <span class='ocrx_word' id='word_1_147' title='bbox 554 2515 687 2616; x_wconf 77' lang='lat' dir='ltr'><strong>latam³)</strong></span> <span class='ocrx_word' id='word_1_148' title='bbox 707 2525 910 2608; x_wconf 89' lang='lat' dir='ltr'><strong>sententiam,</strong></span> <span class='ocrx_word' id='word_1_149' title='bbox 926 2523 1121 2594; x_wconf 85' lang='lat' dir='ltr'><strong>Venetorum</strong></span> <span class='ocrx_word' id='word_1_150' title='bbox 1136 2523 1245 2594; x_wconf 90' lang='lat' dir='ltr'><strong>eecle-</strong></span> 
     </span>
     <span class='ocr_line' id='line_1_19' title="bbox 9 2587 1248 2748; baseline 0.004 -30"><span class='ocrx_word' id='word_1_151' title='bbox 9 2587 12 2738; x_wconf 62' lang='grc' dir='ltr'>Ι</span> <span class='ocrx_word' id='word_1_152' title='bbox 67 2651 112 2721; x_wconf 89' lang='lat' dir='ltr'><strong>sia</strong></span> <span class='ocrx_word' id='word_1_153' title='bbox 131 2651 349 2746; x_wconf 89' lang='lat' dir='ltr'><strong>parrochialis</strong></span> <span class='ocrx_word' id='word_1_154' title='bbox 375 2651 452 2721; x_wconf 90' lang='lat' dir='ltr'><strong>iuris</strong></span> <span class='ocrx_word' id='word_1_155' title='bbox 473 2658 506 2722; x_wconf 92' lang='lat' dir='ltr'><strong>et</strong></span> <span class='ocrx_word' id='word_1_156' title='bbox 525 2649 657 2722; x_wconf 92' lang='lat' dir='ltr'><strong>aliarum</strong></span> <span class='ocrx_word' id='word_1_157' title='bbox 676 2651 866 2745; x_wconf 81' lang='lat' dir='ltr'><strong>dignitatum</strong></span> <span class='ocrx_word' id='word_1_158' title='bbox 886 2675 1016 2724; x_wconf 90' lang='lat' dir='ltr'><strong>suarum</strong></span> <span class='ocrx_word' id='word_1_159' title='bbox 1039 2651 1248 2748; x_wconf 89' lang='lat' dir='ltr'><strong>possessione</strong></span> 
     </span>
     <span class='ocr_line' id='line_1_20' title="bbox 9 2776 199 2872; baseline 0.016 -26"><span class='ocrx_word' id='word_1_160' title='bbox 9 2829 11 2872; x_wconf 42' lang='grc' dir='ltr'>ἱ</span> <span class='ocrx_word' id='word_1_161' title='bbox 67 2776 199 2850; x_wconf 87' lang='lat' dir='ltr'><strong>letetur.</strong></span> 
     </span>
     <span class='ocr_line' id='line_1_21' title="bbox 9 2875 1249 2998; baseline -0.001 -23"><span class='ocrx_word' id='word_1_162' title='bbox 9 2875 11 2998; x_wconf 44' lang='grc' dir='ltr'>ἶ</span> <span class='ocrx_word' id='word_1_163' title='bbox 156 2904 304 2997; x_wconf 90' lang='lat' dir='ltr'><strong>Ideoque</strong></span> <span class='ocrx_word' id='word_1_164' title='bbox 318 2905 514 2976; x_wconf 81' lang='lat' dir='ltr'><strong>fraternitati</strong></span> <span class='ocrx_word' id='word_1_165' title='bbox 533 2909 645 2976; x_wconf 87' lang='lat' dir='ltr'><strong>usstre</strong></span> <span class='ocrx_word' id='word_1_166' title='bbox 662 2927 723 2998; x_wconf 89' lang='lat' dir='ltr'><strong>per</strong></span> <span class='ocrx_word' id='word_1_167' title='bbox 736 2901 915 2995; x_wconf 88' lang='lat' dir='ltr'><strong>apostolica</strong></span> <span class='ocrx_word' id='word_1_168' title='bbox 928 2903 1048 2996; x_wconf 87' lang='lat' dir='ltr'><strong>scripta</strong></span> <span class='ocrx_word' id='word_1_169' title='bbox 1063 2902 1249 2974; x_wconf 91' lang='lat' dir='ltr'><strong>mandamus</strong></span> 
     </span>
     <span class='ocr_line' id='line_1_22' title="bbox 72 3028 1253 3125; baseline 0.001 -24.949"><span class='ocrx_word' id='word_1_170' title='bbox 72 3036 171 3124; x_wconf 84' lang='lat' dir='ltr'><strong>atque</strong></span> <span class='ocrx_word' id='word_1_171' title='bbox 186 3031 396 3125; x_wconf 89' lang='lat' dir='ltr'><strong>precipimus,</strong></span> <span class='ocrx_word' id='word_1_172' title='bbox 417 3030 565 3125; x_wconf 87' lang='lat' dir='ltr'><strong>quatinus</strong></span> <span class='ocrx_word' id='word_1_173' title='bbox 579 3029 794 3100; x_wconf 88' lang='lat' dir='ltr'><strong>cassationem</strong></span> <span class='ocrx_word' id='word_1_174' title='bbox 813 3034 957 3099; x_wconf 92' lang='lat' dir='ltr'><strong>nostram</strong></span> <span class='ocrx_word' id='word_1_175' title='bbox 976 3028 1132 3122; x_wconf 88' lang='lat' dir='ltr'><strong>publicari</strong></span> <span class='ocrx_word' id='word_1_176' title='bbox 1150 3030 1253 3101; x_wconf 88' lang='lat' dir='ltr'><strong>lacia-</strong></span> 
     </span>
     <span class='ocr_line' id='line_1_23' title="bbox 9 3153 1252 3251; baseline -0.002 -23"><span class='ocrx_word' id='word_1_177' title='bbox 9 3161 10 3250; x_wconf 52' lang='lat'>}</span> <span class='ocrx_word' id='word_1_178' title='bbox 72 3159 112 3228; x_wconf 89' lang='lat' dir='ltr'><strong>tis</strong></span> <span class='ocrx_word' id='word_1_179' title='bbox 129 3158 164 3228; x_wconf 93' lang='lat' dir='ltr'><strong>in</strong></span> <span class='ocrx_word' id='word_1_180' title='bbox 179 3157 313 3228; x_wconf 87' lang='lat' dir='ltr'><strong>ciuitate</strong></span> <span class='ocrx_word' id='word_1_181' title='bbox 327 3156 476 3251; x_wconf 83' lang='lat' dir='ltr'><strong>Tyrensi,</strong></span> <span class='ocrx_word' id='word_1_182' title='bbox 496 3163 529 3227; x_wconf 90' lang='lat' dir='ltr'><strong>et</strong></span> <span class='ocrx_word' id='word_1_183' title='bbox 543 3157 709 3227; x_wconf 84' lang='lat' dir='ltr'><strong>universos</strong></span> <span class='ocrx_word' id='word_1_184' title='bbox 723 3153 955 3250; x_wconf 90' lang='lat' dir='ltr'><strong>parrochianos</strong></span> <span class='ocrx_word' id='word_1_185' title='bbox 971 3155 1111 3226; x_wconf 88' lang='lat' dir='ltr'><strong>ecclesie</strong></span> <span class='ocrx_word' id='word_1_186' title='bbox 1126 3179 1252 3227; x_wconf 89' lang='lat' dir='ltr'><strong>memo-</strong></span> 
     </span>
    </p>
   </div>
   <div class='ocr_carea' id='block_1_3' title="bbox 9 3275 1251 4144">
    <p class='ocr_par' dir='ltr' id='par_1_3' title="bbox 9 3275 1251 4144">
     <span class='ocr_line' id='line_1_24' title="bbox 71 3275 1251 3384; baseline 0 -30"><span class='ocrx_word' id='word_1_187' title='bbox 71 3295 141 3356; x_wconf 89' lang='lat' dir='ltr'><strong>rate</strong></span> <span class='ocrx_word' id='word_1_188' title='bbox 168 3309 207 3356; x_wconf 87' lang='lat' dir='ltr'><strong>er</strong></span> <span class='ocrx_word' id='word_1_189' title='bbox 232 3275 419 3378; x_wconf 71' lang='lat' dir='ltr'><strong>predicta*)</strong></span> <span class='ocrx_word' id='word_1_190' title='bbox 445 3307 543 3356; x_wconf 89' lang='lat' dir='ltr'><strong>eausa</strong></span> <span class='ocrx_word' id='word_1_191' title='bbox 572 3283 782 3384; x_wconf 85' lang='lat' dir='ltr'><strong>denuntietis,</strong></span> <span class='ocrx_word' id='word_1_192' title='bbox 810 3283 1150 3353; x_wconf 84' lang='lat' dir='ltr'><strong>excommunicationis</strong></span> <span class='ocrx_word' id='word_1_193' title='bbox 1174 3308 1251 3354; x_wconf 91' lang='lat' dir='ltr'><strong>seu-</strong></span> 
     </span>
     <span class='ocr_line' id='line_1_25' title="bbox 9 3407 1250 3508; baseline -0.002 -26"><span class='ocrx_word' id='word_1_194' title='bbox 9 3479 11 3508; x_wconf 47' lang='lat'><strong>,</strong></span> <span class='ocrx_word' id='word_1_195' title='bbox 71 3413 173 3482; x_wconf 86' lang='lat' dir='ltr'><strong>tentia</strong></span> <span class='ocrx_word' id='word_1_196' title='bbox 188 3435 255 3482; x_wconf 92' lang='lat' dir='ltr'><strong>non</strong></span> <span class='ocrx_word' id='word_1_197' title='bbox 269 3411 389 3495; x_wconf 91' lang='lat' dir='ltr'><strong>teneri;</strong></span> <span class='ocrx_word' id='word_1_198' title='bbox 410 3418 444 3483; x_wconf 90' lang='lat' dir='ltr'><strong>et</strong></span> <span class='ocrx_word' id='word_1_199' title='bbox 460 3409 585 3482; x_wconf 82' lang='lat' dir='ltr'><strong>faciatis</strong></span> <span class='ocrx_word' id='word_1_200' title='bbox 600 3409 703 3479; x_wconf 89' lang='lat' dir='ltr'><strong>eidem</strong></span> <span class='ocrx_word' id='word_1_201' title='bbox 724 3407 864 3480; x_wconf 89' lang='lat' dir='ltr'><strong>ecclesie</strong></span> <span class='ocrx_word' id='word_1_202' title='bbox 883 3415 917 3479; x_wconf 94' lang='lat' dir='ltr'><strong>et</strong></span> <span class='ocrx_word' id='word_1_203' title='bbox 934 3408 1157 3504; x_wconf 89' lang='lat' dir='ltr'><strong>parrochianis</strong></span> <span class='ocrx_word' id='word_1_204' title='bbox 1171 3411 1250 3496; x_wconf 91' lang='lat' dir='ltr'><strong>suis,</strong></span> 
     </span>
     <span class='ocr_line' id='line_1_26' title="bbox 9 3517 983 3623; baseline -0.003 -13"><span class='ocrx_word' id='word_1_205' title='bbox 9 3517 10 3596; x_wconf 76' lang='lat'><em>]</em></span> <span class='ocrx_word' id='word_1_206' title='bbox 70 3541 156 3611; x_wconf 88' lang='lat' dir='ltr'><strong>sieut</strong></span> <span class='ocrx_word' id='word_1_207' title='bbox 174 3546 251 3610; x_wconf 91' lang='lat' dir='ltr'><strong>ante</strong></span> <span class='ocrx_word' id='word_1_208' title='bbox 270 3540 478 3623; x_wconf 88' lang='lat' dir='ltr'><strong>sententiam,</strong></span> <span class='ocrx_word' id='word_1_209' title='bbox 496 3539 528 3608; x_wconf 94' lang='lat' dir='ltr'><strong>in</strong></span> <span class='ocrx_word' id='word_1_210' title='bbox 547 3537 695 3608; x_wconf 90' lang='lat' dir='ltr'><strong>omuibus</strong></span> <span class='ocrx_word' id='word_1_211' title='bbox 715 3536 834 3608; x_wconf 90' lang='lat' dir='ltr'><strong>deuote</strong></span> <span class='ocrx_word' id='word_1_212' title='bbox 853 3536 983 3610; x_wconf 84' lang='lat' dir='ltr'><strong>deferri.</strong></span> 
     </span>
     <span class='ocr_line' id='line_1_27' title="bbox 9 3637 1250 3758; baseline -0.003 -18"><span class='ocrx_word' id='word_1_213' title='bbox 9 3637 10 3640; x_wconf 8' lang='grc' dir='ltr'><strong>Ἴ</strong></span> <span class='ocrx_word' id='word_1_214' title='bbox 157 3667 346 3740; x_wconf 87' lang='lat' dir='ltr'><strong>Predictum</strong></span> <span class='ocrx_word' id='word_1_215' title='bbox 364 3689 445 3738; x_wconf 86' lang='lat' dir='ltr'><strong>uero</strong></span> <span class='ocrx_word' id='word_1_216' title='bbox 464 3663 761 3758; x_wconf 89' lang='lat' dir='ltr'><strong>arehiepiscopum,</strong></span> <span class='ocrx_word' id='word_1_217' title='bbox 787 3664 814 3734; x_wconf 91' lang='lat' dir='ltr'><strong>si</strong></span> <span class='ocrx_word' id='word_1_218' title='bbox 832 3663 873 3734; x_wconf 89' lang='lat' dir='ltr'><strong>ad</strong></span> <span class='ocrx_word' id='word_1_219' title='bbox 893 3663 1076 3736; x_wconf 87' lang='lat' dir='ltr'><strong>mandatum</strong></span> <span class='ocrx_word' id='word_1_220' title='bbox 1102 3671 1250 3736; x_wconf 90' lang='lat' dir='ltr'><strong>nostrum</strong></span> 
     </span>
     <span class='ocr_line' id='line_1_28' title="bbox 9 3769 1251 3867; baseline 0 -3"><span class='ocrx_word' id='word_1_221' title='bbox 9 3769 11 3864; x_wconf 79' lang='lat' dir='ltr'><strong>l</strong></span> <span class='ocrx_word' id='word_1_222' title='bbox 72 3795 177 3867; x_wconf 90' lang='lat' dir='ltr'><strong>eidem</strong></span> <span class='ocrx_word' id='word_1_223' title='bbox 201 3794 341 3866; x_wconf 89' lang='lat' dir='ltr'><strong>ecclesie</strong></span> <span class='ocrx_word' id='word_1_224' title='bbox 360 3817 426 3864; x_wconf 92' lang='lat' dir='ltr'><strong>nou</strong></span> <span class='ocrx_word' id='word_1_225' title='bbox 445 3793 624 3864; x_wconf 90' lang='lat' dir='ltr'><strong>restituerit</strong></span> <span class='ocrx_word' id='word_1_226' title='bbox 648 3797 682 3862; x_wconf 90' lang='lat' dir='ltr'><strong>et</strong></span> <span class='ocrx_word' id='word_1_227' title='bbox 705 3793 916 3862; x_wconf 90' lang='lat' dir='ltr'><strong>instrumenta</strong></span> <span class='ocrx_word' id='word_1_228' title='bbox 936 3799 970 3861; x_wconf 91' lang='lat' dir='ltr'><strong>et</strong></span> <span class='ocrx_word' id='word_1_229' title='bbox 989 3791 1050 3862; x_wconf 91' lang='lat' dir='ltr'><strong>alia</strong></span> <span class='ocrx_word' id='word_1_230' title='bbox 1069 3791 1131 3864; x_wconf 87' lang='lat' dir='ltr'><strong>hac</strong></span> <span class='ocrx_word' id='word_1_231' title='bbox 1151 3817 1251 3864; x_wconf 90' lang='lat' dir='ltr'><strong>occa-</strong></span> 
     </span>
     <span class='ocr_line' id='line_1_29' title="bbox 71 3917 1250 4012; baseline 0 -21"><span class='ocrx_word' id='word_1_232' title='bbox 71 3923 164 3993; x_wconf 90' lang='lat' dir='ltr'><strong>sione</strong></span> <span class='ocrx_word' id='word_1_233' title='bbox 182 3922 366 4002; x_wconf 88' lang='lat' dir='ltr'><strong>subtracta,</strong></span> <span class='ocrx_word' id='word_1_234' title='bbox 393 3920 432 3990; x_wconf 90' lang='lat' dir='ltr'><strong>ad</strong></span> <span class='ocrx_word' id='word_1_235' title='bbox 451 3919 484 3989; x_wconf 96' lang='lat' dir='ltr'><strong>id</strong></span> <span class='ocrx_word' id='word_1_236' title='bbox 504 3919 680 3989; x_wconf 90' lang='lat' dir='ltr'><strong>monitione</strong></span> <span class='ocrx_word' id='word_1_237' title='bbox 699 3917 855 4012; x_wconf 89' lang='lat' dir='ltr'><strong>premissa</strong></span> <span class='ocrx_word' id='word_1_238' title='bbox 873 3941 933 4012; x_wconf 91' lang='lat' dir='ltr'><strong>per</strong></span> <span class='ocrx_word' id='word_1_239' title='bbox 952 3941 1120 3990; x_wconf 88' lang='lat' dir='ltr'><strong>censuram</strong></span> <span class='ocrx_word' id='word_1_240' title='bbox 1140 3919 1250 3991; x_wconf 89' lang='lat' dir='ltr'><strong>eecle-</strong></span> 
     </span>
     <span class='ocr_line' id='line_1_30' title="bbox 9 4043 902 4144; baseline -0.007 -24"><span class='ocrx_word' id='word_1_241' title='bbox 9 4127 10 4144; x_wconf 19' lang='lat'>}</span> <span class='ocrx_word' id='word_1_242' title='bbox 69 4049 230 4122; x_wconf 89' lang='lat' dir='ltr'><strong>siasticam</strong></span> <span class='ocrx_word' id='word_1_243' title='bbox 248 4047 466 4144; x_wconf 89' lang='lat' dir='ltr'><strong>appellatione</strong></span> <span class='ocrx_word' id='word_1_244' title='bbox 485 4045 668 4142; x_wconf 89' lang='lat' dir='ltr'><strong>postposita</strong></span> <span class='ocrx_word' id='word_1_245' title='bbox 688 4043 902 4140; x_wconf 90' lang='lat' dir='ltr'><strong>compellatis.</strong></span> 
     </span>
    </p>
   </div>
   <div class='ocr_carea' id='block_1_4' title="bbox 94 4345 1060 4606">
    <p class='ocr_par' dir='ltr' id='par_1_4' title="bbox 94 4345 1060 4606">
     <span class='ocr_line' id='line_1_31' title="bbox 94 4345 966 4423; baseline -0.003 -18"><span class='ocrx_word' id='word_1_246' title='bbox 94 4351 122 4423; x_wconf 89' lang='lat'><strong>¹)</strong></span> <span class='ocrx_word' id='word_1_247' title='bbox 143 4350 365 4405; x_wconf 78' lang='lat' dir='ltr'><strong>decoranses</strong></span> <span class='ocrx_word' id='word_1_248' title='bbox 400 4353 435 4405; x_wconf 85' lang='lat' dir='ltr'><strong>et</strong></span> <span class='ocrx_word' id='word_1_249' title='bbox 464 4345 634 4402; x_wconf 84' lang='lat' dir='ltr'><strong>Berilheu·</strong></span> <span class='ocrx_word' id='word_1_250' title='bbox 713 4345 741 4418; x_wconf 78' lang='lat'><strong>³)</strong></span> <span class='ocrx_word' id='word_1_251' title='bbox 762 4346 869 4401; x_wconf 88' lang='lat' dir='ltr'><strong>datam</strong></span> <span class='ocrx_word' id='word_1_252' title='bbox 889 4345 966 4403; x_wconf 82' lang='lat' dir='ltr'><strong>Corn.</strong></span> 
     </span>
     <span class='ocr_line' id='line_1_32' title="bbox 139 4437 1060 4510; baseline -0.002 -13"><span class='ocrx_word' id='word_1_253' title='bbox 139 4458 194 4497; x_wconf 77' lang='lat' dir='ltr'><strong>aar</strong></span> <span class='ocrx_word' id='word_1_254' title='bbox 212 4441 263 4496; x_wconf 77' lang='lat' dir='ltr'><strong>hl’.</strong></span> <span class='ocrx_word' id='word_1_255' title='bbox 284 4440 363 4496; x_wconf 82' lang='lat' dir='ltr'><strong>Corn.</strong></span> <span class='ocrx_word' id='word_1_256' title='bbox 713 4437 741 4509; x_wconf 50' lang='grc' dir='ltr'><strong>ἱ)</strong></span> <span class='ocrx_word' id='word_1_257' title='bbox 761 4441 794 4491; x_wconf 80' lang='lat' dir='ltr'><strong>et</strong></span> <span class='ocrx_word' id='word_1_258' title='bbox 812 4438 966 4510; x_wconf 85' lang='lat' dir='ltr'><strong>predicta</strong></span> <span class='ocrx_word' id='word_1_259' title='bbox 984 4440 1060 4497; x_wconf 81' lang='lat' dir='ltr'><strong>Corn.</strong></span> 
     </span>
     <span class='ocr_line' id='line_1_33' title="bbox 96 4529 450 4606; baseline -0.006 -20"><span class='ocrx_word' id='word_1_260' title='bbox 96 4534 121 4606; x_wconf 83' lang='lat'><strong>¹)</strong></span> <span class='ocrx_word' id='word_1_261' title='bbox 141 4532 353 4587; x_wconf 79' lang='lat' dir='ltr'><strong>definitivas</strong></span> <span class='ocrx_word' id='word_1_262' title='bbox 373 4529 450 4586; x_wconf 87' lang='lat' dir='ltr'><strong>Corn.</strong></span> 
     </span>
    </p>
   </div>
   <div class='ocr_carea' id='block_1_5' title="bbox 0 0 1569 5078">
    <p class='ocr_par' dir='ltr' id='par_1_5' title="bbox 0 0 1569 5078">
     <span class='ocr_line' id='line_1_34' title="bbox 0 0 1569 5078; baseline 0 0"><span class='ocrx_word' id='word_1_263' title='bbox 0 0 1569 5078; x_wconf 95' lang='lat' dir='ltr'><strong> </strong></span> 
     </span>
    </p>
   </div>
  </div>
 </body>
</html>
