3120 5078
398 386 616 440 Saonrrrrrrrum
631 385 774 446 bunovrer,
789 397 854 436 corr.
869 380 950 434 liuns.
1187 366 1257 438 361

635 628 714 699 ΧΟΙ.

72 771 300 838 Socra-estu
330 772 482 849 beterici,
520 771 634 834 contus
665 769 814 833 blesensis
846 773 876 832 et
910 766 1122 844 tlsrsnsrtls,
1154 764 1263 828 lectu·

253 883 422 966 srprsdctc
438 881 554 945 dentre
571 879 693 944 lenrlee
709 877 853 959 bartels,
875 877 944 941 brol
960 876 1088 940 Venetle.

509 1004 539 1058 Α.
553 1003 579 1057 d.
594 1002 672 1066 1201,
686 1019 719 1056 ru.
731 1002 839 1074 Aprilis.

169 1114 239 1178 Lib.
257 1115 319 1178 Alb.
338 1115 387 1179 iol.
406 1113 460 1178 26.
485 1113 552 1179 bib.
569 1114 650 1178 Pact.
668 1113 697 1187 l,
722 1113 803 1183 144,
827 1111 884 1177 boc
907 1111 1006 1175 titulo:
1033 1111 1163 1176 Pactum
1180 1109 1265 1173 inter·

74 1223 298 1310 stancipencs
330 1231 361 1287 et
386 1223 544 1288 danninum
568 1223 740 1289 Henricam
766 1221 963 1292 Daedalimn.
993 1221 1111 1286 Ducem
1131 1219 1263 1284 Venetis.

80 1331 190 1394 Edidit
209 1332 394 1396 blurator.
411 1331 432 1396 l.
449 1333 469 1396 l.

170 1482 330 1569 Quoniam
363 1483 550 1554 karissimus
583 1482 732 1554 dominus
764 1488 877 1554 noster
909 1481 1115 1564 budonieus,
1151 1503 1261 1551 comes

75 1609 186 1679 Blesis
206 1615 239 1679 et
258 1609 474 1694 Glarimontis‚
495 1609 645 1682 diuinitus
663 1611 836 1704 inspiratus
850 1609 957 1680 erucis
977 1609 1036 1679 sibi
1053 1607 1265 1702 signaculum,

76 1735 277 1807 transiturus
297 1737 328 1805 in
349 1737 514 1808 seruitium
534 1736 665 1820 domini,
685 1736 825 1807 humeris
845 1735 1012 1820 affixisset,
1039 1743 1073 1807 et
1093 1737 1190 1818 sicut,
1212 1734 1265 1826 qui

76 1863 108 1932 in
123 1864 253 1934 cunctis
272 1863 408 1956 prouida
423 1865 656 1936 deliberatione
674 1864 835 1958 procedit,
854 1887 994 1958 pensare
1009 1863 1162 1955 cepisset,
1183 1885 1266 1954 quo·

77 1989 180 2060 modo
200 1996 311 2060 votum
331 2013 423 2061 suum
442 1991 550 2063 utilius
574 1999 689 2086 posset
708 1991 892 2086 adimpleri,
919 1991 1041 2061 decidit
1064 1991 1095 2058 in
1122 1988 1266 2060 creduli-

77 2123 184 2186 tatem
208 2117 297 2210 ejus,
324 2118 412 2212 quod
431 2143 449 2189 a
468 2118 556 2190 nullo
576 2119 721 2213 principe
738 2119 840 2189 seculi
861 2123 977 2212 posset
995 2125 1085 2190 terre
1105 2115 1265 2189 ierosoli-

78 2243 227 2314 mitbane
240 2251 306 2314 tam
320 2245 506 2330 salubriter,
526 2269 621 2340 quam
635 2269 695 2340 per
710 2246 787 2326 Vos,
809 2244 937 2316 domine
953 2245 1093 2316 llenrioe
1108 2243 1267 2324 Dandule,

78 2371 133 2440 dei
155 2371 263 2464 gratia
282 2371 434 2455 Venecie‚
459 2372 615 2444 Dalmatis
635 2373 830 2466 Croatieque
849 2373 921 2443 Dux
940 2373 1063 2455 inclite,
1085 2369 1247 2440 subveniri
1258 2391 1266 2436 ε

172 2497 287 2569 Dictus
302 2497 449 2568 dominus
465 2505 665 2584 nostorum,
684 2499 867 2571 lobannem
883 2500 924 2570 de
938 2499 1074 2584 Friesia,
1092 2497 1267 2568 Galterium

79 2625 123 2694 de
144 2624 358 2696 Gaudoovilla
367 2618 407 2716 ¹),
435 2625 476 2696 ad
490 2626 569 2708 Vos,
593 2633 745 2720 tanquam
765 2627 806 2696 ad
827 2627 1127 2698 christianissimum
1146 2625 1267 2720 princi-

77 2774 175 2844 pem,
212 2751 407 2822 fiducialiter⁴
435 2753 632 2837 transmisit,
665 2761 701 2822 ut
727 2753 824 2824 Vobis
851 2779 890 2826 ex
916 2761 1010 2849 parte
1037 2779 1094 2825 sua
1122 2753 1269 2822 devotius

79 2877 323 2972 supplicantes,
352 2879 393 2950 ad
411 2886 476 2950 tam
495 2881 581 2973 pium
602 2887 635 2951 et
653 2879 798 2952 salutare
822 2883 1027 2976 propesitum
1047 2881 1218 2953 consilium
1239 2887 1272 2950 et

78 3005 232 3076 auxilium
248 3005 398 3077 Vestrum
417 3009 628 3101 prestaretis;
648 3009 721 3100 quia
740 3015 873 3102 paratus
892 3017 942 3080 est
961 3033 998 3079 se
1018 3016 1052 3080 et
1070 3031 1128 3079 sua
1147 3007 1266 3078 Vestro

78 3155 244 3227 exponere
260 3134 415 3204 conscilio
436 3139 469 3204 et
488 3133 662 3220 voluntati,
688 3141 721 3205 et
749 3135 780 3204 in
807 3136 971 3220 omnibus,
999 3160 1062 3230 que
1086 3159 1185 3229 super
1203 3135 1268 3204 hoc

76 3261 202 3330 fuerint
221 3261 436 3344 neccessarie,
456 3259 572 3330 Vestra
591 3261 774 3354 procedere
794 3263 971 3334 voluntate.

172 3387 252 3458 Cum
270 3389 371 3482 igitur
390 3387 539 3459 destinati
558 3387 599 3458 ad
619 3388 765 3458 Vestram
784 3390 980 3483 presentiam
1001 3391 1212 3474 venissemus,
1233 3397 1267 3460 et

77 3515 204 3598 literas,
226 3539 306 3608 quas
321 3539 340 3586 a
354 3522 448 3609 parte
462 3515 537 3586 dieti
554 3515 673 3585 domini
693 3517 796 3587 nostri
812 3517 912 3587 Vobis
927 3518 1142 3610 porreximus,
1163 3516 1265 3610 bylari

77 3649 111 3714 et
130 3644 277 3737 gratuito
297 3643 485 3736 suscepistis
505 3650 652 3736 aspectu,
678 3651 711 3714 et
731 3644 771 3714 ad
792 3667 840 3728 ea,
868 3651 1087 3740 propterque
1107 3645 1265 3726 venimus,

76 3769 257 3841 favorabile
277 3769 412 3840 dedistis
430 3793 635 3863 responsum.

168 3897 378 3968 Continentia
403 3904 510 3968 autem
537 3898 755 3994 predictarum
781 3899 959 3970 litterarum
979 3899 1053 3970 talis
1080 3907 1147 3984 est,
1178 3899 1265 3992 quod
1369 3957 1372 3967 .

76 4049 177 4120 super
191 4023 269 4107 biis,
290 4047 353 4116 que
368 4023 467 4096 Vobis
488 4048 526 4095 ex
544 4033 637 4118 parte
656 4027 757 4118 ipsius
774 4026 968 4110 diceremus,
988 4027 1096 4110 nobis,
1117 4033 1272 4120 tanquam

77 4155 116 4236 ei,
131 4151 358 4222 indubitanter
368 4151 559 4233 crederetis,
575 4153 717 4224 scientes
732 4177 793 4246 pro
808 4161 914 4238 certo,
930 4154 1029 4247 quod,
1046 4177 1267 4250 quascumque

76 4282 247 4374 pactiones
257 4277 430 4350 Vobiscum
441 4303 479 4350 ex
489 4286 583 4374 parte
593 4303 651 4350 sua
661 4281 881 4363 babuerimus,
892 4288 1044 4374 tanquam
1056 4282 1081 4352 si
1095 4305 1132 4352 ea
1144 4283 1222 4374 (eas
1232 4279 1274 4372 t)

77 4409 106 4479 in
125 4430 270 4501 persona
296 4408 429 4502 propria
446 4408 573 4491 lecerit,
599 4414 688 4480 ratas
707 4409 840 4480 babebit
859 4417 894 4480 et
911 4411 1051 4481 tirmiter
1071 4409 1271 4481 observabit.

103 4603 128 4667 ¹)
148 4601 325 4654 Valternm
344 4600 382 4654 dc
402 4599 689 4654 GaudonrillabP.
