3110 5080
315 289 391 364 438
640 302 874 359 Guarsosunnrunr
888 303 1013 358 Soanas-1
1026 301 1163 356 Tusciae.

314 471 515 567 signaculum
525 473 785 567 assumpsissent,
795 474 1016 546 inhibitionem
1025 495 1155 566 quoque
1164 471 1386 566 praemissam,
1407 493 1484 565 quae

312 600 391 694 ipsis
409 599 469 670 suh
489 599 748 672 interminatione
766 599 978 672 anathematis
996 599 1083 670 iacta
1097 605 1180 682 erat,
1200 622 1258 670 eos
1273 599 1485 672 mandavimus
1547 583 1549 666 l

317 725 504 797 memoriter
521 727 676 798 retinere.
1547 667 1549 774 l

404 852 497 923 Licet
522 852 622 946 igitur
646 859 849 947 optaremus,
875 857 912 923 ut
935 874 995 946 per
1018 851 1157 954 studium
1183 858 1217 922 et
1241 849 1487 924 sollicitudinem
1547 775 1550 936 l

317 978 505 1050 eorumdem
517 977 873 1073 Constantinopolitano
888 977 1035 1050 Ecclesia
1045 977 1085 1052 ad
1101 977 1310 1050 devotionem
1323 977 1491 1049 Ecclesiae
1548 951 1550 1006 ἶ

316 1106 479 1178 Romanae
493 1105 627 1190 rediret,
648 1106 721 1200 quia
733 1113 842 1176 tamen
857 1126 915 1174 eos
930 1103 1163 1176 circumvenire
1177 1127 1240 1175 nec
1255 1103 1417 1188 uolumus,
1432 1127 1487 1174 nec

320 1231 493 1314 debemus,
529 1253 678 1304 ueremur
709 1255 767 1304 eos
799 1229 905 1301 denuo
933 1230 1270 1302 excommunicationis
1298 1231 1489 1301 sententiam

316 1357 508 1438 iucurrisse,
535 1357 705 1451 multisque
723 1357 861 1440 ridetur,
888 1356 975 1450 quod
993 1380 1011 1428 a
1029 1363 1123 1426 reatu
1149 1355 1284 1451 perjurii
1310 1355 1490 1428 nullatenus

318 1484 383 1554 sint
404 1483 578 1568 immunes,
604 1484 690 1577 quod
710 1489 825 1556 contra
843 1482 875 1554 id
894 1484 1003 1554 venire
1021 1484 1316 1578 praesumpserint,
1341 1482 1433 1578 quod
1451 1481 1492 1552 eis

318 1609 513 1705 prohibitum
531 1610 638 1682 fuerat
656 1610 716 1682 sun
736 1609 845 1682 debito
860 1609 1049 1703 J'uramenti.

409 1737 491 1825 Quia
509 1760 587 1808 vero
611 1737 754 1832 ipsorum
780 1735 891 1808 salutis
913 1735 1160 1808 sollicitudinem
1178 1736 1322 1829 gerimus
1343 1743 1494 1828 pastora-

319 1862 400 1947 lem,
426 1885 593 1934 monemus
618 1863 855 1936 iratemitatem
874 1868 1032 1946 vestram,
1058 1869 1092 1934 et
1114 1883 1174 1956 per
1197 1862 1381 1957 apostolica
1409 1862 1494 1934 robis

320 1989 442 2084 scripta
460 1990 665 2074 mandamus,
692 1995 851 2082 quatenus
870 1987 998 2060 instetis
1016 1988 1145 2058 monitis
1165 1995 1198 2060 et
1218 1987 1495 2060 exhortationibus

320 2115 406 2210 apud
425 2138 495 2200 eos,
514 2123 551 2188 ut
568 2141 628 2212 per
646 2117 789 2209 Legatos
808 2121 953 2200 nostros,
972 2114 1022 2186 rel
1037 2137 1149 2186 comm
1169 2114 1317 2199 alterum,
1337 2114 1389 2184 rel
1405 2115 1496 2186 aliurn

321 2241 422 2312 virum
442 2243 635 2326 discretum,
655 2265 750 2336 quem
769 2248 906 2338 uterque
925 2240 975 2312 vel
994 2240 1076 2312 alter
1095 2263 1207 2312 eorum
1226 2240 1267 2311 ad
1286 2240 1352 2312 hoc
1372 2240 1498 2312 duxerit

323 2368 548 2464 delegandum,
568 2368 780 2440 absolutionis
794 2368 986 2440 beneficium
999 2367 1116 2438 devote
1132 2368 1311 2460 quaesitum
1325 2369 1497 2462 percipere

321 2496 353 2565 iu
372 2519 448 2566 vera
473 2494 582 2566 cordis
609 2495 805 2566 contritione
830 2499 1018 2588 procurent,
1043 2495 1145 2564 etsie
1164 2495 1364 2566 reconciliati
1387 2493 1495 2566 eccle·

320 2623 470 2694 siasticae
488 2623 618 2706 unitati,
645 2629 678 2692 et
697 2624 744 2693 sic
762 2622 893 2715 purgati
912 2645 931 2692 a
949 2621 1022 2692 labe
1041 2621 1226 2704 criminum,
1254 2621 1286 2692 in
1305 2619 1496 2714 obsequium

320 2747 397 2819 Jeau
412 2746 531 2818 Christi
544 2747 734 2842 procedant,
755 2747 805 2818 cui
821 2745 924 2830 aliter,
944 2747 1028 2818 sicut
1042 2746 1216 2828 credimus,
1234 2769 1300 2816 non
1316 2745 1494 2842 placerent.

322 2873 386 2946 Vos
406 2897 551 2970 quoque,
577 2874 603 2946 si
624 2873 857 2946 consentiendo
876 2895 992 2944 eorum
1010 2873 1134 2944 actibus
1154 2872 1494 2946 excommunicationis

321 2999 476 3072 maculam
495 3001 687 3084 incurristis,
709 2999 801 3070 simili
820 2999 916 3070 modo
936 3022 995 3070 vos
1013 2999 1139 3070 faciatis
1158 2999 1292 3070 absolvi.

411 3129 562 3216 Quamvis
582 3134 701 3210 autem,
729 3133 765 3197 ut
784 3127 903 3198 veritas
922 3148 980 3197 eos
999 3127 1128 3210 liberet,
1149 3125 1345 3196 noluerimus
1365 3125 1495 3220 suppri-

322 3277 409 3324 mere
428 3254 606 3335 ueritateru,
633 3277 691 3324 vos
709 3260 829 3337 tamen,
854 3258 890 3324 ut
909 3253 1033 3336 alicnis,
1061 3260 1094 3324 et
1113 3257 1245 3322 maxime
1265 3252 1414 3334 Graecis,
1439 3273 1495 3322 sua

322 3381 460 3454 verenda
487 3405 550 3452 uon
579 3381 751 3474 detegant,
781 3379 919 3452 sollicite
946 3381 1148 3475 procuretis,
1175 3401 1216 3448 ne
1243 3379 1330 3450 sorte
1358 3378 1494 3450 scintilla

322 3509 517 3590 deuotionis,
543 3529 625 3600 quae
645 3507 765 3603 inipso
785 3508 985 3600 Imperatore
1004 3507 1129 3577 videtur
1148 3529 1304 3588 accensa,
1334 3507 1367 3576 in
1383 3505 1491 3598 jactu·

320 3659 399 3719 ram,
419 3641 568 3706 nontam
587 3641 741 3719 nostram,
762 3639 856 3728 qua'm
876 3657 979 3717 suam,
997 3635 1103 3726 possit
1122 3633 1275 3726 extingui.

408 3761 523 3834 Datum
543 3761 684 3834 Aureum
703 3811 713 3832 .
735 3816 743 3835 .
765 3813 775 3834 .
795 3784 879 3834 anno
899 3766 1001 3832 sexto.

853 3922 961 3995 CXVI.

320 4045 550 4128 omissurum·
565 4049 685 4114 Saldsnl
697 4048 807 4112 lurcle
818 4047 935 4130 (nu),
952 4047 1147 4129 titulaseddln
1159 4047 1342 4112 {elabores
1355 4046 1380 4126 l,
1395 4046 1491 4108 datu

846 4156 973 4220 tenetls.

772 4279 803 4334 Α.
818 4277 843 4330 d.
857 4277 1044 4334 laos-1211.

408 4385 499 4451 Huius
508 4387 656 4472 privilegii
668 4389 777 4452 mentio
787 4387 820 4451 tit
832 4390 861 4452 in
872 4393 957 4471 pacto
967 4384 1266 4452 Turcaedlacddin
1280 4383 1444 4450 lleikoba
1455 4385 1490 4458 d,

319 4493 370 4557 lilii
387 4500 454 4558 natu
469 4496 589 4560 minoris
606 4495 716 4580 ipsius,
741 4495 1005 4579 Ghajaseddin
1027 4493 1320 4570 lleichosrewl‚
1343 4515 1371 4557 a.
1389 4493 1484 4564 1220,
