3130 5078
404 379 498 432 innoc.
512 377 545 429 lll
558 391 648 429 srrsr.
662 391 698 427 nn
711 375 821 428 Maron.
835 374 970 428 llonrrsr.
1199 361 1274 434 565

99 551 330 624 commiserant
353 549 384 619 in
408 547 531 631 Deum,
557 553 591 618 et
609 569 668 618 vos
696 545 901 616 nihilominus
921 566 978 615 eos
1003 545 1123 636 injuste
1147 545 1277 639 punire,

98 683 236 770 propter
255 677 375 759 odium,
394 675 482 770 quod
501 672 702 745 exercebatis
720 674 753 743 in
771 673 946 767 proximos,
966 673 993 742 si
1011 678 1119 742 tamen
1139 671 1274 766 proximi

101 809 179 875 sunt
193 803 332 886 dicendi,
352 803 405 898 qui
424 802 606 896 proximare
621 806 845 884 contemnunt,
865 805 987 870 sumet
1004 807 1142 893 propter
1156 798 1279 890 justam

98 929 225 1001 illomm
248 953 385 1022 poenam
412 929 524 1000 forsan
547 929 637 1000 Deos
657 925 781 1020 justam
806 927 934 998 dederit
961 927 1053 998 vobis
1079 925 1276 1007 mercedem,

95 1043 188 1148 juxta
206 1055 295 1152 ¹quod
321 1056 438 1126 dixisse
462 1055 584 1150 legitur
608 1057 639 1125 in
660 1053 836 1148 propheta:
864 1057 945 1149 puio
968 1057 1106 1124 semoti
1128 1052 1216 1124 milui
1240 1053 1278 1122 in

102 1181 202 1267 Tiro,
237 1181 320 1254 dudo
345 1183 407 1254 tibi
429 1183 632 1278 Aeppptum,·
660 1181 744 1252 unde
769 1177 875 1250 Assur
904 1184 1035 1275 oirpom
1061 1183 1120 1251 sui
1141 1181 1278 1276 suroris

100 1308 392 1402 appellatflesaias
407 1309 466 1389 10,
477 1307 537 1399 5):
553 1308 642 1393 illud,
657 1306 785 1378 omissis
800 1307 916 1390 dubiis,
930 1307 986 1378 tibi
1001 1330 1061 1400 pro
1075 1315 1170 1378 certo
1185 1307 1278 1377 duxi-

99 1460 170 1506 mus
183 1435 456 1528 respondendum,
476 1437 507 1506 in
523 1459 587 1507 uno
603 1435 724 1530 pariter
738 1439 771 1505 et
787 1435 902 1506 codem
916 1441 981 1506 mm
993 1434 1116 1505 Terrae
1132 1440 1278 1517 sanctae,

98 1585 192 1656 quam
202 1561 400 1656 apostolicae
412 1563 501 1646 Sedi,
513 1585 640 1634 necnon
651 1562 859 1634 animaetuae
870 1562 1044 1632 salubriter
1054 1560 1278 1642 consulentes,

98 1695 135 1759 ut
148 1689 208 1759 suh
224 1689 340 1760 timore
354 1687 481 1758 Domini
495 1694 529 1758 et
541 1713 600 1782 spe
614 1689 727 1760 veniae
741 1697 862 1760 terram
877 1689 983 1760 divino
994 1687 1119 1780 judicio
1136 1687 1277 1782 acquisi-

97 1822 164 1886 tam
183 1823 297 1888 teneas
316 1819 350 1885 et
369 1814 533 1898 defendas,
559 1822 594 1886 et
612 1815 784 1886 tenendam
804 1839 843 1887 ac
862 1815 1096 1886 defendendam
1115 1815 1278 1908 acquiras,

96 1942 237 2036 populos
261 1941 319 2013 tibi
344 1941 491 2011 subditos
516 1941 548 2011 in
568 1941 694 2035 justitia
719 1965 859 2036 regens,
886 1941 945 2012 sub
965 1963 1046 2036 pace
1066 1963 1278 2024 conservans,

97 2077 132 2140 et
163 2069 314 2164 religioni
348 2067 576 2153 conformans,
610 2069 653 2140 ita
686 2077 723 2141 ut
751 2069 973 2140 ecclesiastica
1006 2069 1091 2140 bona
1122 2069 1278 2139 restituas

98 2196 279 2267 secundum
307 2195 470 2290 propriam
505 2196 709 2278 facultatem,
743 2198 915 2289 poenitens
943 2203 977 2266 et
1004 2195 1209 2266 satisfaciens
1238 2195 1279 2265 de

98 2323 291 2406 commissis,
312 2347 384 2396 cum
403 2321 588 2416 hujusmodi
608 2349 662 2395 res
678 2323 727 2394 vix
744 2323 817 2416 geri
835 2323 981 2416 potuerit
996 2323 1066 2393 sine
1084 2321 1238 2415 piaculari
1247 2313 1278 2412 ¹)

96 2457 209 2532 reatu;
225 2451 386 2544 quoniam,
401 2452 454 2546 qui
468 2451 572 2544 tangit
587 2452 703 2543 picem,
718 2451 945 2544 coinquinatur
960 2449 999 2520 ab
1014 2473 1069 2530 ea;
1085 2449 1275 2542 firmumque

95 2599 196 2670 geras
224 2577 255 2646 in
284 2585 361 2648 voto
389 2579 610 2671 propositum,
639 2583 675 2648 ut
699 2577 738 2648 ad
758 2579 883 2648 Terrae
910 2581 1042 2648 sanctae
1069 2598 1274 2656 succursum,

93 2703 147 2773 cui
163 2709 196 2788 te
211 2704 432 2796 principaliter
447 2711 481 2775 et
494 2703 703 2797 spiritualiter
722 2703 892 2788 devovisti,
911 2703 1091 2798 prudenter
1105 2709 1139 2773 et
1157 2709 1277 2796 poten-

95 2837 148 2901 ter
174 2830 340 2914 intendas‚
366 2855 438 2902 cum
464 2856 524 2925 per
550 2830 633 2902 hanc
659 2837 780 2900 terram
808 2831 859 2901 illa
881 2831 921 2901 de
940 2830 1026 2901 facili
1052 2830 1277 2923 recuperanda

96 2961 261 3051 speretur.

185 3081 348 3166 ddisse,
368 3107 441 3154 cum
460 3083 501 3153 ad
521 3083 683 3178 exemplar
701 3090 827 3176 patrum
847 3091 881 3154 et
899 3083 1033 3154 fratrum
1053 3091 1202 3166 tuorum,
1222 3083 1276 3178 qui

94 3218 338 3280 sacrosanctam
353 3209 528 3280 Romanam
542 3209 724 3282 Ecclesiam
739 3210 779 3279 de
799 3209 899 3282 corde
919 3233 1001 3304 puro
1021 3215 1055 3280 et
1073 3211 1277 3282 conscientia

94 3337 181 3408 bona
206 3343 239 3406 et
264 3336 327 3407 lide
353 3360 419 3408 non
443 3336 518 3407 ficta
544 3339 687 3406 revereri
713 3359 842 3430 semper
861 3361 900 3408 ac
919 3337 1067 3407 venerari
1088 3359 1148 3430 per
1167 3336 1274 3406 omnia

94 3463 299 3545 studuerunt,
314 3469 350 3535 tu
364 3463 458 3535 nobis
473 3471 507 3534 et
519 3463 718 3557 apostolicae
733 3462 810 3534 Sedi
825 3463 927 3534 fidelis
938 3468 971 3533 et
985 3463 1121 3534 devotus
1136 3463 1277 3534 existas:

97 3589 138 3660 de
172 3589 368 3684 plenitudine
403 3591 486 3662 enim
519 3592 646 3684 gratiae
680 3597 714 3661 te
750 3589 913 3661 reddimus
948 3589 1078 3660 omnino
1112 3613 1274 3672 securum,

95 3717 250 3790 sciturum
270 3742 331 3811 pro
351 3724 455 3802 certo,
477 3717 565 3813 quod
585 3740 623 3789 ea
642 3719 788 3810 cupimus
809 3717 950 3810 operari,
976 3717 1105 3812 quoties
1124 3740 1161 3788 se
1180 3717 1275 3787 nohis

95 3844 252 3916 obtulerit
279 3847 524 3938 opportunitas,
553 3868 635 3939 quae
664 3845 704 3914 ad
734 3845 893 3916 honorem
920 3851 954 3914 et
980 3845 1164 3938 profectum
1184 3851 1277 3915 tuum

96 3970 236 4042 debeant
256 3971 426 4066 magnifice
445 3971 638 4043 redundare.

187 4118 303 4188 Datum
324 4123 388 4187 etc.

124 4397 150 4471 ¹)
169 4399 209 4453 nl.
223 4399 280 4453 cod.
294 4397 385 4453 melius
402 4397 542 4470 piaculi.
