3110 5076
310 423 315 432 ,
398 366 499 420 hunxu
511 365 545 421 lll
558 367 615 422 lun.
630 364 675 422 Gr.
689 383 778 422 aaran.
793 383 829 420 no
842 364 938 420 iaaac.
951 363 993 418 lll.
1199 349 1274 424 237

104 535 282 607 saluatoris
300 537 403 608 nostri
429 539 506 608 lesu
526 537 642 609 Christi
663 561 679 608 a
700 537 801 610 coelis
822 543 976 631 etusque
995 533 1158 628 adipsum
1177 514 1277 604 inler-

105 687 181 734 num
208 663 261 736 uhi
290 670 402 736 nostra
427 672 528 758 ponet
551 665 735 736 humilitas?
767 667 908 760 Propter
935 665 1015 736 baec
1042 662 1141 756 igitur
1173 661 1277 732 omnia

104 813 201 884 quam
219 791 313 862 valde
337 791 506 886 Imperium
530 799 676 864 nostrum
696 793 857 864 humiliter
876 815 992 886 sapere
1011 790 1225 886 amplectitur,
1247 792 1279 858 et

1 957 2 968 κ
104 921 137 988 in
157 919 257 1011 ipsius
275 919 450 992 humilitate
464 919 566 990 Deum
580 921 653 1012 ejus
673 944 736 991 non
752 920 920 992 recordari
940 919 1026 990 nullo
1046 917 1142 990 modo
1163 916 1277 988 credit.

106 1045 267 1132 Quoniam
296 1069 376 1118 uero
404 1048 445 1117 de
469 1047 630 1118 humiliter
655 1071 771 1142 sapere
790 1049 820 1120 in
839 1054 915 1118 tuae
933 1047 1112 1118 sanctitatis
1132 1045 1279 1116 admoni-

1 1255 2 1264 ἵ
104 1174 204 1246 tionis
230 1173 333 1246 uerbo
360 1181 394 1246 et
420 1174 576 1268 quaedam
600 1175 736 1247 scintilla
756 1177 914 1270 passionis
932 1175 1097 1246 humilitati
1118 1173 1280 1244 contraria

1 1287 2 1350 Ῑ
106 1301 311 1384 sublatebat,
339 1301 403 1374 boe
431 1303 559 1397 quidem
583 1301 663 1372 alius
688 1303 775 1373 sorte
801 1326 866 1374 non
891 1303 1105 1374 immolestum
1133 1301 1279 1372 sentiret.

106 1429 193 1518 Quid
212 1429 297 1498 eninr
316 1429 403 1522 quod
422 1431 575 1502 sanctitas
593 1435 648 1501 tua
667 1431 768 1501 voluit
785 1438 851 1501 tam
871 1430 1031 1514 docendo,
1058 1451 1151 1522 quam
1172 1435 1204 1500 et
1229 1428 1281 1498 in·

105 1555 271 1648 crepando
292 1561 425 1626 nostrae
445 1556 551 1628 induci
569 1557 840 1650 magnificentiae,
867 1564 904 1628 ut
922 1580 982 1628 nec
1007 1579 1025 1626 a
1050 1579 1086 1626 se
1106 1555 1195 1648 ipsa,
1221 1577 1281 1625 nee

105 1685 203 1754 etiam
213 1707 233 1754 a
243 1683 358 1754 diuinis
373 1691 408 1755 et
416 1686 537 1756 nostris
547 1685 717 1777 scripturis
730 1685 850 1756 bonum
864 1685 1044 1778 intelligere
1053 1683 1104 1754 uel
1115 1683 1282 1754 addiscere

103 1811 238 1894 valenti,
263 1832 368 1906 neque
387 1811 488 1882 zelum
507 1835 567 1906 pro
587 1811 747 1884 dominico
767 1810 940 1906 sepulchro
960 1818 994 1883 et
1013 1835 1050 1882 ex
1068 1810 1203 1905 proprio
1223 1832 1282 1881 suo

103 1937 209 2008 eorde
229 1943 429 2008 aestuantem
448 1939 603 2032 portanti,
622 1961 682 2032 pro
702 1939 938 2017 misericordia,
965 1962 1059 2033 quam
1079 1939 1165 2008 eirea
1186 1936 1282 2007 Chri-

102 2064 232 2136 stianos
255 2063 369 2149 habet,
396 2088 568 2136 accensum
595 2072 628 2136 et
652 2089 816 2150 exarsum,
846 2073 880 2136 et
904 2073 939 2137 ut
966 2065 1091 2136 flamma
1118 2065 1282 2134 materiam

103 2191 369 2264 combustibilem
387 2194 487 2288 ipsam
507 2200 716 2280 cremantem,
736 2200 770 2265 et
788 2201 824 2265 ut
842 2195 959 2264 vermis
979 2194 1051 2286 ejus
1070 2217 1146 2264 ossa
1165 2215 1283 2264 corro-

0 2369 1 2416 ἦ
104 2318 265 2391 dentem?
315 2322 456 2414 Propter
486 2346 567 2416 quae
601 2328 634 2393 et
666 2321 841 2394 secundum
874 2321 1054 2416 perlectum
1089 2319 1283 2414 Prophetam

0 2419 1 2440 Χ
105 2447 219 2519 Oaiarn
248 2445 328 2542 [13,
358 2447 423 2543 14]
449 2449 559 2521 dicere
583 2455 651 2521 esta
686 2460 719 2522 et
740 2452 920 2521 consolatio
947 2448 1141 2520 abscondita
1169 2457 1218 2519 est
1241 2447 1282 2518 ch

106 2577 215 2648 oculis
233 2579 329 2648 meis.

197 2703 302 2796 lgitur
321 2705 380 2775 etsi
400 2705 451 2776 alii
475 2704 550 2776 talia
569 2709 644 2775 tuae
663 2706 844 2777 sanctitatis
864 2707 983 2791 uerba,
1009 2711 1044 2776 ut
1069 2703 1283 2798 intranquilla,

106 2829 274 2924 placuere,
293 2836 399 2902 tamen
415 2831 551 2925 lmperio
568 2855 640 2902 meo
655 2830 784 2904 ethaeo
799 2835 887 2904 tirma
902 2840 936 2904 et
956 2832 1114 2915 amabilia,
1134 2832 1173 2902 ad
1188 2855 1283 2903 unum

108 2963 144 3027 et
161 2955 268 3027 solum
287 2958 486 3052 respicienti,
507 2958 593 3051 quod
612 2957 683 3029 Deo
703 2959 864 3054 placitum,
892 2965 925 3029 et
941 2967 1028 3030 tuam
1047 2965 1186 3030 mentem
1205 2981 1285 3028 coo·

103 3084 251 3177 jicienti;
280 3085 431 3178 quoniam
456 3108 521 3156 non
550 3108 588 3154 cn
613 3085 697 3156 elata
722 3087 873 3176 (clatet)
897 3109 1030 3179 sapere,
1058 3086 1117 3157 sed
1136 3109 1175 3155 ex
1193 3107 1284 3168 cura,

109 3236 203 3304 quam
221 3236 283 3306 pro
304 3212 465 3284 dominico
483 3212 582 3284 hahet
600 3213 784 3306 sepulchro,
803 3212 878 3284 talia
893 3213 1038 3284 scribere
1053 3213 1184 3284 induxit.
1204 3211 1284 3283 Nam

110 3347 143 3411 et
161 3342 267 3434 ipsum
292 3340 461 3435 Imperium
487 3363 609 3424 meum,
635 3339 692 3410 tali
712 3339 782 3410 zelo
802 3341 952 3425 fervens,
977 3341 1025 3410 bis
1045 3341 1175 3424 similia,
1204 3363 1286 3435 quae

6 3516 9 3525 ·
110 3469 217 3560 magni
236 3467 338 3552 Pauli,
359 3491 423 3539 non
438 3468 563 3552 diffidit,
583 3473 616 3538 et
630 3468 733 3560 ipsum
748 3473 781 3538 et
795 3469 963 3538 anathema
980 3469 1106 3562 quidem
1122 3493 1140 3539 a
1156 3468 1286 3538 Christo

5 3658 13 3680 ,
112 3618 184 3665 esse
203 3617 265 3690 pro
284 3595 440 3666 iratribus
458 3596 537 3665 meis
557 3593 747 3666 Christianis
767 3617 832 3665 non
851 3603 941 3666 orat:
969 3601 1179 3667 veruntamen
1204 3617 1286 3690 pro-

113 3723 212 3815 priam
241 3745 332 3793 suam
359 3721 541 3792 libertatem
569 3723 719 3792 dominici
748 3723 910 3816 sepulchri
939 3723 1122 3793 liberationi
1148 3722 1287 3794 libenter

114 3855 333 3942 supponeret,
361 3855 395 3918 et
421 3871 488 3919 non
516 3848 619 3919 solum
648 3849 806 3944 lmperiali
835 3848 994 3920 altitudini
1022 3856 1055 3920 et
1083 3851 1287 3921 maximarum

115 3976 293 4047 diuitiarum
316 3976 481 4070 potentiae
501 3975 737 4070 multorumque
756 3975 918 4048 hominum
938 3977 1106 4069 potestati,
1131 3978 1236 4071 qualia
1256 3983 1289 4048 et

117 4111 228 4195 quanta
248 4103 325 4176 nulli
343 4103 440 4175 hodie
459 4105 668 4197 superstitum
687 4104 868 4197 Principum
888 4105 1076 4197 subjacent,
1097 4105 1155 4175 sed
1176 4112 1210 4176 et
1228 4105 1287 4198 ipsi

118 4235 262 4326 propriae
300 4233 383 4303 vitae
415 4255 475 4325 pro
510 4231 700 4304 liberatione
739 4231 887 4303 dominici
919 4231 1081 4324 sepulehri
1116 4233 1156 4302 de
1192 4256 1286 4303 manu

119 4359 279 4452 impiorum
299 4359 551 4454 praejudicaret.

201 4487 265 4558 Sed
287 4489 438 4580 quoniam
457 4511 522 4558 non
542 4487 573 4556 in
592 4485 795 4559 multitudine
814 4489 996 4570 exercitus,
1023 4487 1135 4557 necin
1156 4485 1289 4558 diuitia-

121 4635 183 4682 rum
200 4613 380 4709 manedac
398 4638 503 4686 meum
523 4615 655 4686 conlidit
673 4614 854 4707 Imperium,
875 4614 933 4685 sed
948 4615 1085 4698 divitias,
1104 4613 1296 4686 voluntates·
