3110 5076
289 359 366 430 244
589 371 684 426 lunae.
697 371 731 426 lll
746 389 836 426 nrisr.
850 387 886 426 iio
902 373 984 425 honr.
998 373 1032 426 lll
1046 371 1104 426 lui.
1119 371 1164 428 Cr.

285 543 448 613 monuerit
462 542 674 626 Pharaonem,
690 543 911 616 utdimitteret
924 542 1090 638 populum,
1103 543 1287 614 induratum
1297 546 1346 616 sic
1360 550 1464 616 tamen

285 693 344 741 cor
364 672 447 764 ejus,
467 679 503 743 ut
520 673 674 768 populum
694 671 855 744 dimittere
875 670 994 754 nollet,
1020 677 1071 742 est
1090 671 1288 765 flagellatum
1317 695 1383 743 non
1404 675 1464 744 crit

285 799 382 870 etiam
400 800 578 872 secundum
598 801 782 896 opinionem
807 799 917 871 talium
934 800 985 872 vel
1010 799 1230 872 desistendum
1248 823 1268 870 a
1285 799 1392 884 vitiis,
1418 800 1465 872 uel

284 928 699 1009 virtuosissimos,
718 927 778 1000 sea
797 904 1077 1022 sundm'pouus
1097 927 1302 1023 dispositioni
1322 927 1464 1012 diuinas,

284 1079 367 1148 quae
386 1056 587 1130 damnandos
605 1056 766 1150 praeuidit
785 1055 933 1149 singidos
951 1063 1007 1126 aut
1024 1055 1206 1127 salvandos.
1280 1146 1284 1155 Ι

371 1185 486 1278 Legit,
519 1185 603 1254 sicut
626 1181 804 1264 credimus,
837 1183 1011 1277 imperialis
1037 1183 1225 1254 excellentia
1249 1183 1300 1254 iel
1325 1183 1462 1266 audiuit,
1553 1271 1554 1274 Ἴ

282 1311 369 1406 quod
387 1318 523 1406 propter
541 1317 711 1406 peccatum
730 1309 896 1382 israelitici
916 1311 1026 1405 populi
1046 1311 1260 1406 quadmginta
1280 1311 1369 1392 dies,
1391 1313 1464 1405 qui-
1553 1391 1554 1394 Ἴ

280 1439 342 1512 bus
371 1439 529 1512 debuerat
555 1445 674 1512 terram
702 1440 932 1535 repromissam
961 1440 1101 1524 intrare,
1131 1441 1163 1511 in
1192 1461 1295 1512 annos
1324 1439 1463 1511 totidem
1553 1467 1554 1502 1

279 1567 436 1640 Dominus
456 1568 674 1652 commutauit,
695 1573 729 1638 et
748 1567 950 1638 econtrario
971 1567 1012 1638 ad
1030 1568 1258 1639 contritionem
1277 1574 1312 1638 et
1330 1567 1462 1661 lachry-

278 1721 346 1768 mas
364 1697 526 1768 Ezechiae
545 1695 641 1766 vitam
662 1695 731 1766 eius
755 1694 787 1764 in
812 1696 1000 1788 terquinos
1024 1717 1127 1768 annos
1147 1695 1300 1767 extendit.
1330 1696 1461 1790 Exque
1553 1751 1554 1754 ,

276 1832 387 1919 potest
417 1824 511 1918 plene
543 1823 719 1919 perpendi,
748 1823 836 1917 quod
861 1831 896 1896 et
922 1831 1050 1918 tempus
1078 1831 1193 1918 posset
1221 1823 1461 1919 persecutionis

276 1955 509 2025 Sarracenicae
528 1951 696 2036 breuiare,
716 1952 769 2046 qui
789 1952 820 2022 in
840 1925 1009 2044 euangelio
1029 1952 1071 2022 de
1089 1951 1279 2023 Antichristi
1298 1973 1460 2045 persecu·
1553 2003 1554 2050 3

274 2081 364 2152 tione
388 2081 518 2152 locutus
544 2079 686 2173 adjecit:
714 2081 787 2160 uisi
801 2081 953 2151 breuiuti'
963 2085 1116 2176 fuissent
1131 2079 1205 2151 dice
1222 2079 1337 2164 itlius,
1363 2080 1460 2152 auton
1553 2083 1554 2136 ἲ

276 2234 344 2280 uois
357 2213 486 2306 fuisset
502 2211 611 2279 omnib
630 2231 710 2278 coro
731 2206 905 2300 (Evangel.
929 2206 1082 2278 Matthaei
1104 2207 1165 2292 oi,
1188 2206 1270 2299 22).

362 2339 537 2410 Praeterea
564 2337 651 2408 inter
679 2341 827 2408 caeteras
852 2357 988 2407 arcanas
1015 2342 1048 2407 et
1071 2335 1298 2407 inscrutabiles
1322 2359 1457 2408 caussas
1554 2422 1555 2449 ,

271 2465 443 2537 invasionis
473 2469 506 2536 et
530 2463 724 2536 detentionis
751 2470 861 2535 terrae
887 2462 1055 2534 orientalis
1079 2462 1163 2534 banc
1183 2463 1278 2536 etiam
1297 2463 1455 2536 Dominus
1554 2464 1555 2471 ’

271 2615 331 2664 sua
348 2595 460 2666 forsan
479 2593 685 2664 miseratione
704 2591 880 2685 praevidit,
907 2598 943 2662 ut
962 2591 1050 2661 multi
1069 2589 1192 2661 relictis
1211 2591 1402 2684 parentibus
1422 2599 1456 2662 et
1551 2665 1553 2686 A

271 2723 394 2806 amieis,
414 2723 508 2792 immo
524 2721 619 2792 etiam
634 2721 795 2803 omnibus,
815 2743 899 2813 quae
917 2719 1092 2802 habebant,
1113 2718 1273 2790 Christum
1288 2727 1455 2816 assumpto
1550 2751 1553 2816 p

270 2849 455 2921 salutiferae
481 2850 588 2922 uncis
617 2851 712 2942 signo
737 2855 914 2944 sequentes
940 2848 971 2917 in
997 2847 1188 2918 defensioue
1215 2853 1325 2920 terrae
1352 2848 1455 2942 ipsius
1549 2923 1551 2948 i

270 2979 424 3072 martyrio
453 2981 664 3062 coronentur,
694 2983 727 3048 et
757 2975 834 3047 inde
857 2974 1058 3070 triumphans
1087 2975 1227 3047 ecclesia
1250 2975 1392 3046 laetetur
1420 2983 1456 3047 et

266 3111 426 3200 augeatur
435 3105 467 3176 in
478 3106 590 3189 coelis,
599 3103 830 3175 undemilitans
839 3103 997 3175 dolereac
1006 3103 1156 3174 minorari
1165 3101 1451 3174 uideturinterris.

361 3233 518 3306 Nolumus
536 3240 643 3305 autem
662 3233 693 3302 in
712 3230 893 3304 huiusmodi
912 3231 1011 3302 rebus
1030 3231 1164 3324 amplius
1183 3229 1356 3314 immorari,
1376 3253 1452 3302 cum

264 3369 357 3432 recte
372 3361 613 3434 attendentibus
632 3367 666 3432 et
685 3359 927 3455 inspicientibus
943 3359 1116 3453 diligenter
1129 3359 1247 3429 ueritas
1260 3363 1371 3453 pateat
1388 3383 1452 3453 pei·

264 3513 301 3560 se
315 3491 427 3584 ipsam.
449 3489 626 3584 imperialis
642 3495 748 3560 autem
763 3487 963 3559 celsitudinis
978 3488 1051 3572 erit,
1071 3488 1119 3558 sic
1133 3487 1173 3558 de
1188 3493 1300 3558 cetero
1316 3487 1450 3559 Christo

264 3617 346 3688 exuli
365 3617 556 3700 subuenire,
583 3621 672 3686 utet
691 3615 937 3711 obloquentium
956 3615 1192 3686 detractionem
1211 3615 1329 3696 evitet,
1360 3619 1394 3684 et
1413 3615 1449 3686 in

262 3745 392 3816 ultimae
412 3744 623 3815 discussionis
643 3743 785 3814 examine
803 3741 880 3814 illud
900 3743 1123 3836 euangelicum
1142 3749 1257 3814 contra
1276 3767 1313 3813 se
1331 3741 1448 3813 audire

261 3895 326 3944 non
344 3873 450 3967 possit
475 3871 620 3966 (Euang.
641 3871 753 3942 Matth.
776 3870 838 3956 25,
859 3870 949 3964 43):
977 3871 1187 3968 desperasset,
1212 3879 1245 3942 ei
1261 3895 1328 3942 osii
1347 3871 1448 3942 colte-

257 4003 358 4094 poio
376 4025 450 4085 mc,·
478 4003 632 4094 infirmus
650 4008 684 4071 et
700 4003 738 4070 i'ii
756 4023 905 4084 cui-cere,
925 4009 958 4071 et
975 4021 1043 4070 noc
1062 4003 1201 4071 scribtis
1219 3997 1265 4070 ud
1279 4021 1342 4070 cic.

349 4127 534 4200 Gaudemns
558 4134 682 4212 autem,
710 4126 798 4220 quod
823 4149 922 4221 super
948 4124 1106 4198 ecclesiae
1130 4127 1268 4212 unione,
1292 4147 1353 4220 pro
1378 4147 1443 4223 qua

259 4255 490 4351 imperatoriae
504 4255 763 4350 magnificentiae
778 4253 963 4350 specialiter
981 4253 1105 4325 litteras
1124 4259 1254 4326 nostras
1269 4255 1443 4328 direximus

258 4391 292 4456 et
312 4385 477 4480 Legatos,
503 4385 588 4456 sicut
607 4407 646 4455 ex
664 4383 782 4454 litteris
806 4381 871 4453 tuis
891 4382 1091 4476 accepimus,
1116 4388 1300 4476 promptum
1320 4383 1442 4456 videris

256 4510 1440 4606 habereatlectumetadconsummandum,quodscripsimus,intendere

257 4643 441 4737 diligenter.
481 4643 689 4740 Rescripsisti
716 4641 798 4711 enim
827 4664 888 4734 per
912 4637 1036 4711 litteras
1064 4647 1137 4711 tuns
1165 4639 1220 4731 (ut
1242 4639 1306 4712 tuis
1332 4642 1442 4713 uerbis
