3130 5082
299 387 349 458 96
613 397 850 455 Gunrsosunmuu
862 399 983 455 loannis
997 397 1088 455 Gonu.
1101 415 1160 454 rur.

385 564 427 628 ld.
453 587 482 650 p.
499 562 582 630 274:
611 566 715 651 Hujuo
739 565 947 651 (imperatoris
965 563 1301 651 Constantinopolitani)
1325 565 1473 630 astutiam

302 673 419 739 Venetia
439 675 613 742 odieutilue
634 678 713 742 Dete
733 697 891 764 reparans
909 677 1021 764 poleos
1044 676 1171 742 ueeidue
1192 697 1253 763 pro
1268 677 1368 741 nitela
1384 677 1474 740 uoui-

294 785 438 870 qoutium
453 786 555 859 mittit.
573 788 747 874 mutuisque
763 785 983 874 offensionibue
998 792 1090 853 aucto
1098 787 1170 871 jum
1184 785 1355 852 eebiemute
1366 786 1477 850 decre·

296 902 359 984 tum
378 897 459 979 fuit.
486 903 520 960 ut
540 896 643 960 Veneti
648 943 656 968 ,
685 896 740 983 qui
760 895 918 984 leuemque
941 897 1138 961 nutriverunt
1161 896 1289 968 burbue.
1317 896 1476 960 decutere
1560 909 1562 976 g

296 1004 446 1070 imberbee
462 1006 647 1091 efficiuntur.

386 1114 477 1178 rma:
504 1116 651 1180 ramum
672 1115 829 1204 nuptm
853 1117 897 1180 ao
911 1137 966 1182 eor
980 1115 1105 1180 reaten
1128 1115 1246 1180 nutem
1267 1114 1418 1202 requirit,
1435 1121 1475 1178 ue
1560 1091 1562 1170 ἱ

297 1222 358 1287 eibi
372 1224 491 1311 leqatoe
511 1225 624 1296 minut,
642 1226 798 1312 pelliceus
821 1225 1027 1310 mprobolium
1046 1223 1217 1288 Veneticum
1235 1223 1362 1310 plenius
1383 1223 1476 1286 colito
1560 1201 1562 1314 ζ

297 1333 484 1397 coudouure.
514 1332 648 1420 Ideoque
675 1334 754 1398 Due
777 1355 917 1404 uuuuene
940 1354 1004 1420 per
1025 1354 1097 1398 mooe
1119 1331 1244 1396 uuntim
1268 1331 1417 1400 obtinuit,
1446 1335 1478 1394 et
1560 1415 1562 1424 y

295 1443 407 1526 foedus
424 1441 669 1528 redinteqrutur.

386 1551 479 1614 Teste
496 1549 652 1614 Lebret.
669 1551 705 1616 Τ.
722 1549 743 1620 1.
759 1571 789 1634 p.
804 1549 879 1622 aba,
896 1551 992 1634 ipsum
1008 1548 1195 1634 privilegium
1213 1547 1288 1613 latet
1309 1549 1340 1611 in
1355 1547 1478 1612 archivo

298 1661 426 1734 Veneto;
450 1663 515 1744 ipse
530 1661 595 1725 bec
612 1679 706 1745 pauca
722 1659 793 1724 inde
810 1661 960 1744 excerpsit
975 1660 1005 1722 in
1023 1660 1137 1724 notula:
1160 1659 1297 1739 „Dieeer
1319 1660 1420 1743 Boios
1437 1659 1480 1723 iet

296 1770 377 1837 uoclt
402 1772 444 1836 im
469 1770 606 1836 Arabico
633 1769 833 1836 verbunden:
868 1770 1006 1854 Kolojoo
1037 1770 1183 1833 erkeuuet
1216 1768 1270 1832 die
1299 1767 1480 1833 Verdienete

297 1882 355 1946 der
374 1881 555 1946 lleuetioner
567 1901 668 1968 qeqeu
683 1881 735 1946 die
748 1879 923 1945 Goieoloeu:
947 1879 1095 1945 Pericula
1107 1899 1167 1966 pro
1182 1877 1331 1942 Romania
1341 1877 1479 1942 meun-
1561 1925 1562 1930 η

297 1998 344 2056 tce
356 1997 386 2054 et
401 1997 464 2054 toto
477 1991 581 2061 corde.
599 2011 661 2054 nou
673 1990 819 2077 omliquu
834 1989 1021 2055 otrmuitote
1034 1996 1212 2076 puquouteo
1228 1995 1338 2055 contro
1354 1985 1481 2064 boetee;
1560 1975 1562 2060 f

296 2106 328 2165 et
343 2101 488 2188 quonium
501 2101 663 2188 petierunt
678 2101 760 2165 idern
778 2100 1000 2185 Cbryaololum
1015 2101 1095 2186 ipsu
1114 2102 1233 2184 fection
1248 2099 1286 2164 B.
1302 2097 1478 2186 Imperato-

296 2209 343 2272 ris
358 2231 398 2274 no
412 2210 516 2296 patrio
539 2209 642 2276 uestri
656 2209 776 2296 oomi9i
795 2209 915 2296 sibique
938 2209 1051 2276 uerum
1071 2208 1161 2284 dari,
1184 2207 1348 2274 clementio
1368 2213 1480 2271 nostro

296 2340 349 2382 eoe
365 2319 531 2384 exaudivit
545 2341 575 2383 u.
592 2341 617 2383 o.
634 2342 685 2396 u„
701 2321 830 2404 worout
838 2320 897 2384 due
913 2319 1136 2402 Cbrqeololum
1151 2319 1206 2383 dee
1222 2317 1355 2383 Aleuiue
1370 2317 1479 2402 eiuqe-

296 2428 432 2494 ecbultet
456 2428 568 2492 uird.“
593 2427 655 2491 Nos
672 2427 823 2491 offerimus
840 2425 1074 2508 chrysubuliium
1095 2432 1265 2510 excerptum
1281 2446 1298 2488 e
1315 2423 1479 2508 diplomate
1560 2485 1562 2508 ζ

296 2537 383 2601 buius
401 2537 593 2602 Collectiouis
609 2537 661 2601 Nr.
678 2537 727 2609 bl,
744 2540 762 2600 i.
781 2557 807 2600 e.
825 2555 861 2600 ex
878 2534 1079 2622 chrysobubio
1098 2534 1269 2600 Emanuclis
1286 2534 1479 2617 imperatoris
1560 2595 1561 2598 ,

297 2667 323 2710 a.
344 2645 442 2711 1148.

390 2797 506 2882 „Solet
526 2799 716 2870 multociens
733 2797 894 2890 antiquior
912 2795 992 2866 tides
1012 2802 1108 2888 atque
1126 2794 1341 2866 beniuolentia
1361 2799 1479 2888 poste·

247 2984 248 2988 ,
296 2922 416 2994 riorem
446 2925 693 2998 maliuolentiam
721 2931 898 3018 contegere
927 2949 966 2994 ac
994 2923 1122 3007 delere,
1155 2923 1248 2994 uictis
1277 2921 1415 2993 dominis
1445 2925 1481 2992 et
1561 2917 1562 2920 ’

297 3051 406 3132 amicis
421 3052 575 3124 memoria
589 3051 707 3148 prioris
723 3053 942 3144 subjectorum
958 3057 990 3122 et
1005 3052 1180 3121 amicorum
1193 3051 1345 3122 bonitatis
1358 3075 1367 3130 ;
1388 3047 1480 3118 uelut

297 3200 382 3247 nune
402 3202 531 3272 quoque
550 3181 581 3249 in
600 3167 774 3250 Veneticae
794 3178 942 3271 contigit.
963 3179 1183 3249 Reminiscens
1203 3177 1286 3250 enim
1304 3175 1479 3270 Imperium

297 3327 402 3375 meum
426 3307 556 3400 antique
582 3330 695 3378 corum
718 3306 934 3377 beniuolentic
959 3313 992 3376 et
1015 3306 1107 3388 fidei,
1134 3329 1229 3398 quam
1249 3327 1329 3396 erga
1347 3325 1480 3395 semper

298 3433 536 3504 memorabilem
560 3435 791 3528 Imperatorem
815 3439 848 3502 et
871 3431 1109 3504 dilectissimum
1131 3437 1257 3526 patrem
1276 3432 1345 3502 eius
1360 3437 1480 3500 osten-

298 3557 428 3643 derunt,
448 3561 626 3630 obicientes
646 3583 682 3630 sc
700 3558 852 3653 periculis
870 3565 942 3630 toto
961 3561 1065 3630 animo
1085 3581 1146 3653 pro
1165 3559 1331 3640 Romania,
1352 3563 1386 3627 et
1405 3577 1480 3626 cum

297 3685 487 3756 strenuitate
502 3687 720 3758 indubitanter
735 3692 897 3758 certantes
913 3693 1027 3758 contra
1041 3687 1201 3770 inimicos,
1221 3687 1274 3779 qui
1294 3691 1361 3755 tum
1382 3707 1480 3754 exer-

298 3812 395 3883 citum
418 3812 594 3885 eduxerant
618 3820 732 3886 contra
752 3837 839 3896 eam,
864 3836 926 3908 que
950 3813 1046 3908 paulo
1067 3821 1141 3884 unte
1159 3813 1198 3884 ab
1217 3813 1264 3884 eis
1282 3813 1366 3884 male
1385 3817 1483 3904 gesta

297 3947 388 4026 sunt,
413 3965 479 4012 non
502 3944 693 4037 reputauit,.
708 3949 742 4013 et
764 3943 1011 4013 conuersionem
1031 3965 1144 4014 eorum
1162 3944 1291 4036 accepit
1308 3949 1343 4014 et
1366 3911 1482 4013 butum

299 4068 347 4138 eis
367 4070 510 4141 ostendit
528 4070 639 4140 ilarem
654 4076 687 4141 et
706 4069 900 4142 accedentes
919 4071 951 4140 in
969 4069 1062 4140 ulnas
1080 4095 1155 4142 suas
1173 4070 1327 4164 suscepit,
1348 4075 1382 4138 et
1395 4091 1480 4138 con-

299 4203 472 4288 sequenter
491 4197 618 4291 quidem
637 4197 836 4290 indulgentia
854 4196 915 4268 hos
936 4197 1053 4291 dignos
1072 4197 1199 4282 habuit,
1223 4203 1259 4267 ut
1277 4217 1481 4290 nequaquam

299 4321 360 4392 iam
388 4321 502 4394 lesioni
532 4323 672 4396 cuiusuis
701 4323 942 4407 subicerentur,
971 4323 1203 4417 quantumlibet
1230 4345 1329 4418 super
1362 4322 1480 4415 quibus

299 4449 468 4543 imperium
487 4473 593 4521 meum
617 4456 651 4521 et
674 4450 861 4521 Romaniam
881 4449 1086 4525 offenderunt
1110 4448 1169 4541 (ex
1188 4447 1375 4520 demoniaca
1395 4447 1482 4518 sicut

297 4575 428 4648 uidetur
445 4575 629 4672 uiolentia),
654 4575 714 4650 sed
732 4583 891 4675 perpetuo
911 4575 1141 4670 indulgentiam
1164 4575 1323 4648 baberent
1345 4574 1478 4673 imperij
