3130 5082
290 404 340 476 86
725 415 843 468 Pncrmr
857 413 1031 468 Wnnmunnr.

288 586 450 680 proprijs‚
478 585 562 654 idem
587 583 815 656 Veneticorum
838 586 998 656 mensuris
1021 607 1208 656 mensurare
1227 584 1360 656 dehent.
1389 587 1471 657 (lum
1564 590 1565 599 ’

288 735 369 783 uero
397 713 542 783 Venetici
569 736 623 783 res
646 735 721 782 suas
746 713 818 807 alijs
843 713 996 808 gentihus
1021 713 1166 784 uendunt
1184 733 1255 784 oum
1274 713 1360 796 suis,
1385 713 1472 784 idem

289 839 519 912 Venetioorum
537 841 698 910 mensuris
716 842 861 936 proprijs
879 840 1023 912 uendere
1043 839 1174 912 dehent.
1205 841 1341 928 Quando
1362 849 1472 912 autem

292 967 437 1039 Venetici
457 969 497 1038 ab
516 967 675 1061 aliquibus
694 969 845 1062 gentihus
872 969 1044 1052 extraneis,
1071 991 1166 1062 quam
1184 967 1360 1052 Veneticis,
1386 989 1472 1039 oon-

289 1096 409 1166 mercio
428 1093 547 1187 aliquid
567 1094 762 1189 accipientes
780 1101 981 1190 comparant,
1001 1118 1074 1165 eum
1091 1095 1195 1188 regijs
1214 1096 1372 1167 mensuris
1393 1095 1472 1164 (lato

228 1247 229 1250 ¹
289 1221 400 1316 precio
421 1223 572 1316 accipere
589 1222 678 1293 licet.
707 1221 759 1294 Aa
777 1221 840 1294 hec
859 1223 1004 1294 Venetici
1021 1221 1139 1296 nrrllam
1158 1223 1286 1316 penitus
1306 1223 1473 1293 (lotionem

289 1347 342 1417 uel
368 1349 544 1418 secundum
570 1373 665 1419 usum
692 1348 743 1420 uel
776 1349 954 1421 seeundum
982 1349 1078 1419 ullam
1107 1350 1283 1433 rationem,
1316 1349 1474 1420 uidelicet

290 1475 376 1548 nullo
403 1476 500 1547 modo
525 1477 688 1560 intrando,
716 1477 845 1564 stando,
870 1477 1055 1561 uendendo,
1081 1478 1300 1572 comparando
1323 1477 1375 1548 uel
1397 1501 1474 1548 mo·
1552 1540 1553 1543 ,

291 1602 394 1674 rando
418 1611 473 1675 aut
498 1605 665 1688 excundo,
694 1605 736 1674 de
759 1604 846 1675 nulla
869 1605 997 1699 penitus
1020 1626 1117 1674 causa
1145 1602 1280 1698 aliquam
1309 1603 1474 1673 (lationem

290 1730 481 1824 persoluere
501 1731 636 1815 debent,
662 1732 722 1801 nisi
741 1731 862 1816 solum,
889 1731 1018 1826 quando
1037 1732 1172 1802 ueniunt
1189 1737 1244 1801 aut
1263 1739 1381 1801 exeunt
1399 1753 1474 1800 cum

292 1858 357 1927 suis
377 1859 511 1928 nauibus
529 1859 725 1952 peregrinos
742 1863 922 1954 portantes.
952 1859 1044 1928 Tunc
1058 1859 1176 1952 quippe
1190 1857 1367 1928 secundum
1381 1857 1476 1950 regis

291 1985 559 2056 consuetudinem
577 1985 710 2056 terciam
729 1991 853 2078 partem
872 1986 932 2079 ipsi
950 1986 1025 2080 regi
1044 1985 1124 2055 dare
1143 1985 1280 2066 dehent3
1300 1985 1385 2055 unde
1401 1987 1476 2079 ipse
1543 1992 1565 2078 ᾗ

291 2135 348 2182 rex
371 2112 549 2183 Jerusalem
574 2119 607 2183 et
630 2136 690 2183 nos
715 2135 828 2183 omnes
852 2113 933 2183 Duci
954 2113 1182 2184 Venetioorum
1210 2113 1250 2182 cle
1277 2113 1375 2182 lunda
1395 2113 1477 2205 Tyri

291 2262 330 2309 ex
349 2246 441 2334 parte
455 2239 546 2332 regis
559 2241 644 2310 festo
660 2240 884 2334 apostolorum
902 2241 989 2311 Petri
1009 2247 1042 2310 et
1059 2239 1148 2310 Pauli
1167 2243 1334 2310 trecentos
1354 2241 1386 2308 in
1407 2261 1475 2309 uno

292 2391 421 2460 quoque
446 2389 530 2438 anno
540 2359 569 2459 ¹)
595 2369 759 2438 Binantios
786 2361 1061 2460 Sarracenatos²)
1089 2391 1129 2438 ex
1156 2367 1255 2438 debiti
1280 2367 1477 2436 condicione

292 2495 481 2587 persoluere
501 2495 668 2566 dehemus.

381 2621 481 2692 Vobis
508 2644 636 2716 quoque
658 2622 741 2693 Duci
766 2621 898 2693 Venetic
924 2629 958 2693 et
989 2628 1098 2692 uestro
1122 2622 1211 2714 genti
1244 2621 1477 2715 promittimus,

294 2748 380 2842 quod
398 2749 494 2820 nichil
513 2749 585 2843 plns
604 2749 797 2843 accipiemus
817 2751 856 2821 ah
876 2749 936 2818 illis
956 2749 1119 2843 gentihus,
1146 2773 1209 2844 que
1228 2749 1395 2819 uobiscum
1417 2773 1477 2819 ne-

293 2877 477 2968 gociantur,
497 2877 557 2945 nisi
576 2883 729 2969 quantum
744 2877 829 2948 soliti
844 2883 921 2948 sunt
939 2877 1028 2960 dare,
1048 2883 1081 2946 et
1100 2883 1219 2969 quanta
1237 2877 1414 2970 accipimus
1434 2878 1476 2946 ah

292 3001 364 3086 illis,
380 3004 432 3097 qui
448 3025 521 3073 oum
535 3003 607 3096 alijs
621 3005 838 3096 negociantur
851 3003 1014 3096 gentihus.
1035 3003 1150 3072 Preter
1169 3025 1208 3072 ee
1226 3002 1310 3073 illam
1325 3003 1474 3072 ciusrlem

291 3129 496 3222 rugchchon
506 3123 671 3224 (platee⁸)
681 3135 819 3225 partem,
830 3155 926 3202 unum
937 3137 1034 3225 caput
1043 3131 1075 3200 in
1085 3130 1251 3200 mansione
1260 3129 1347 3199 Petri
1357 3129 1477 3212 Zanni‚

292 3257 378 3327 aliud
396 3281 477 3328 uero
496 3259 528 3327 in
546 3259 650 3328 sancti
668 3259 805 3329 Dimitrii
829 3259 1026 3329 monasterio
1051 3259 1245 3340 firmantem,
1276 3263 1308 3327 et
1328 3257 1478 3328 eiusdem

292 3408 377 3478 ruge
394 3385 486 3455 oliam
505 3393 640 3479 partem,
661 3407 756 3455 unam
775 3375 1061 3476 machomariam)
1081 3395 1114 3453 et
1129 3383 1209 3454 duas
1223 3383 1366 3478 lapideas
1381 3403 1478 3455 man-

292 3514 401 3584 siones
427 3512 598 3598 hahentes,
628 3535 690 3608 que
710 3515 871 3607 quondam
890 3513 1000 3584 cas'ule
1020 3511 1061 3583 de
1081 3511 1199 3582 Cannis
1218 3535 1293 3580 esse
1311 3511 1478 3596 solebant,

292 3663 385 3733 quam
404 3663 462 3710 rex
479 3641 654 3711 Belduinus
672 3642 852 3711 Jerusalem
871 3642 993 3736 primus
1016 3641 1113 3710 beato
1138 3639 1248 3709 Marco
1275 3638 1479 3733 dominoque

292 3765 374 3838 Duci
392 3761 591 3860 urdolafu)
615 3769 748 3863 suisque
771 3767 1019 3840 successorihus
1042 3768 1074 3838 in
1093 3765 1224 3837 Sidonis
1252 3765 1478 3859 acquisicione

361 4103 538 4140 anonomc„
978 4085 1089 4141 Achon
1114 4085 1165 4138 hh.
1193 4084 1333 4139 eiusdem
1354 4083 1478 4155 plateee

362 4177 611 4230 SaracenosLP.
978 4193 1135 4249 rugaeque
1179 4175 1290 4231 Aecon
1342 4182 1478 4248 partem

361 4267 400 4320 sic
414 4287 440 4320 α.
461 4268 573 4338 platee
593 4266 668 4338 qnasi
682 4266 853 4338 expositionis
978 4269 1060 4338 Bong.

363 4359 446 4428 gratia
460 4357 583 4422 additum,
597 4358 666 4412 uncle
683 4359 852 4428 parenthesin
930 4357 959 4430 ⁴)
978 4358 1225 4412 machomariam
1246 4355 1273 4429 β.
1292 4358 1343 4412 hh.
1370 4363 1477 4414 mate-

364 4449 511 4520 posuimus,
534 4449 679 4502 eiusdem
704 4459 851 4520 eugeque
979 4449 1111 4503 riariam
1123 4449 1205 4520 Bong.

362 4539 471 4593 llchon
493 4539 632 4610 plathee
656 4536 683 4610 β.
708 4539 852 4593 ciusdem
931 4537 959 4611 ⁶)
978 4539 1004 4593 in
1029 4541 1193 4612 pergamenis
1220 4543 1262 4594 est
1291 4541 1478 4612 compcnffium

362 4631 500 4702 plathoe
537 4633 667 4702 partam
701 4645 851 4701 rugcque
977 4631 1123 4703 scriptura.

314 4083 342 4209 ζ)

314 4177 342 4336 l
