3120 5078
256 346 373 400 Pnuruu
384 346 524 400 Bauuurnr
537 347 663 401 Fortuna.
678 363 761 402 eurr.
775 363 833 400 ouu
848 346 933 400 iinon
948 344 1091 398 Daununo.
1184 330 1259 402 3227

174 517 244 588 Nee
283 524 334 589 est
374 517 700 612 pretermittendum,
746 516 835 610 quod
876 513 1025 586 uietualia
1070 536 1262 608 comparare

75 667 147 716 non
185 645 312 716 dehetis
342 667 361 715 a
395 645 555 716 Cremona
593 651 627 716 et
667 644 750 716 infra
789 667 905 716 uersus
939 641 1131 722 veneciam,
1174 647 1208 712 et
1244 664 1263 711 a

73 774 252 857 Bononio,
281 773 431 858 immola,
466 775 621 846 Fauentia
654 780 688 844 et
719 774 801 845 infra
834 795 952 843 uersus
981 769 1166 852 Venetiam,
1203 769 1262 840 nisi

75 902 187 972 uerbo
208 908 334 972 nostro.

171 1027 216 1098 Et
243 1027 342 1099 debet
368 1029 452 1100 inter
471 1053 531 1102 nos
550 1035 584 1100 et
603 1053 662 1099 uos
682 1029 772 1098 firma
792 1027 935 1098 societas
955 1047 1030 1096 esse
1054 1025 1145 1110 talis,
1175 1024 1261 1120 quod

77 1177 144 1224 nos
165 1154 320 1226 debemus
340 1179 400 1226 uos
418 1157 502 1228 bene
520 1162 676 1240 tractare,
697 1162 731 1228 et
748 1177 809 1226 uos
828 1177 900 1226 nos.

173 1283 216 1354 Et
241 1283 268 1352 si
288 1276 396 1376 Deo¹)
425 1291 588 1356 annuente
611 1307 671 1379 per
697 1283 761 1356 uirn
788 1281 839 1353 uel
865 1271 1124 1371 conuentione²)
1144 1277 1263 1370 aliquid

78 1409 240 1480 fuerimus
270 1411 408 1505 aquisiti‚
439 1413 618 1484 comuniter
645 1410 697 1482 uel
727 1402 919 1502 diuisum³)‚
954 1431 1015 1479 nos
1042 1432 1080 1478 ex
1108 1431 1148 1478 eo
1177 1404 1263 1476 onrni

80 1534 290 1606 medietatem
308 1536 430 1608 habere
448 1538 614 1622 debemus,
636 1545 669 1609 et
687 1563 748 1609 uor
768 1537 859 1607 aliam
879 1535 1096 1626 medietatem.

176 1661 247 1748 Que
267 1665 372 1734 omnia
392 1665 542 1760 superius
562 1665 788 1759 conprehensa
808 1665 911 1757 nuntij
932 1665 1031 1735 vestri
1049 1661 1187 1756 predicti
1207 1683 1267 1752 per

80 1811 119 1858 se
133 1795 168 1860 et
180 1813 281 1884 super
294 1793 417 1864 animas
431 1799 560 1864 uestras
578 1815 638 1885 pro
658 1799 752 1884 parts
772 1799 884 1864 uestra
903 1791 944 1862 ad
963 1789 1134 1884 euangelia
1152 1793 1265 1858 saneta

80 1915 135 1986 dei
164 1917 371 2000 iurauerunt,
402 1919 489 2013 quod
515 1945 575 2014 per
602 1943 664 1990 uos
693 1927 727 1990 et
755 1942 814 1992 eos
842 1927 973 1992 seruata
999 1924 1111 2000 erunt,
1140 1921 1174 1988 et
1193 1915 1267 2008 quia

80 2043 245 2140 [qaod?]
270 2069 330 2117 uos
351 2047 409 2140 ipsi
428 2047 476 2117 sio
495 2053 684 2119 seruaturos
703 2047 847 2118 iurabitis
855 2040 900 2140 2),
926 2054 959 2117 et
978 2047 1118 2116 barones
1136 2049 1267 2113 uestros

80 2171 192 2242 iurare
216 2172 360 2257 facietis,
386 2173 474 2266 quod
499 2173 561 2244 heo
586 2173 780 2256 seruabunt‚
807 2180 960 2244 ettotam
979 2179 1124 2267 gentem,
1147 2191 1210 2264 que
1230 2192 1267 2239 er

80 2304 177 2392 parte
195 2305 307 2370 uestra
325 2300 435 2382 fuerit,
456 2301 516 2370 nisi
536 2306 648 2372 nostra
666 2301 859 2372 remanserit
877 2301 1056 2372 uoluntate.

174 2427 244 2497 Hoc
282 2427 377 2498 etiaur
410 2429 517 2498 iurare
550 2429 676 2500 facietis
713 2427 875 2498 dominum
909 2451 1022 2522 regern
1052 2428 1206 2510 Franeie,
1240 2426 1266 2494 si

81 2554 248 2646 poteritis.

177 2679 245 2751 Nos
260 2687 366 2752 autern
381 2705 430 2766 ea,
452 2705 515 2774 que
528 2681 714 2774 supradicta
728 2690 805 2753 sunt
823 2684 864 2754 de
884 2685 1015 2774 nauigio
1034 2683 1129 2754 uobis
1148 2682 1267 2764 dando,

83 2809 225 2878 seruatis
244 2807 305 2890 his,
326 2831 389 2902 que
403 2815 478 2878 sunt
493 2832 530 2877 er
545 2815 639 2901 perte
654 2815 762 2880 uestra
783 2809 875 2880 nobis
894 2810 1065 2904 promissa,
1086 2809 1268 2880 saluatnros

82 2936 276 3017 inanimus,
303 2943 337 3006 et
355 2942 458 3006 toturn
476 2935 571 3006 alium
590 2937 735 3007 ordinem
756 2939 907 3030 superius
927 2938 1214 3032 comprehensum,
1241 2937 1268 3006 si

83 3086 158 3135 eum
188 3064 331 3134 exercitu
358 3064 547 3158 supradicto
576 3065 777 3146 uenerinrus;
814 3065 901 3159 quod
931 3072 964 3136 et
996 3063 1137 3136 barones
1166 3064 1269 3135 nostri

82 3189 209 3284 pariter
220 3188 418 3260 iurauerunt.
439 3191 473 3262 Si
488 3213 568 3260 uero
583 3215 654 3260 eurn
673 3191 858 3284 supradicto
879 3194 1023 3263 exercitu
1041 3215 1107 3264 non
1115 3185 1146 3284 2)
1166 3215 1269 3262 uene·

82 3319 197 3400 rimus,
219 3315 278 3409 hij,
299 3319 352 3410 qui
374 3318 448 3388 loeo
470 3325 584 3389 nostro
592 3310 624 3411 2)
639 3319 759 3390 fuerint
778 3320 894 3412 inipso
910 3322 1045 3413 negotio
1061 3319 1269 3414 superpositi,

85 3445 133 3515 sie
153 3451 346 3514 seruaturos
366 3445 527 3528 iurabant,
548 3453 581 3515 et
598 3446 718 3516 facient
736 3469 848 3516 ornnes
867 3448 947 3516 alios
966 3441 1123 3536 iurare⁷)‚
1153 3446 1206 3539 qui
1233 3469 1271 3515 ex

85 3576 180 3663 parte
216 3573 330 3639 nostra
363 3570 393 3638 in
426 3570 498 3664 ipso
526 3569 668 3640 exercitu
700 3578 814 3656 erunt,
851 3572 910 3642 nisi
940 3577 1050 3646 uestra
1081 3570 1273 3642 remanserit

86 3697 269 3767 uoluntate.

160 4124 218 4178 dir
225 4123 332 4178 iism?

159 4232 213 4288 quo
198 4213 235 4267 od
255 4229 308 4286 per
330 4233 378 4268 vor
365 4230 461 4268 ινυιι
429 4219 509 4267 ronta
531 4219 622 4275 erunt,
640 4214 713 4287 qaod
733 4219 794 4270 cta
778 4216 946 4287 voripair'ie
921 4235 1022 4272 aseru
990 4224 1073 4272 νυιιιιι
1055 4236 1121 4273 uero
1108 4217 1273 4288 ejuratae

158 4306 211 4359 LA
225 4323 302 4376 seq
277 4305 379 4376 uidpt.

214 4396 439 4449 noii.srnttttnt
427 4413 502 4466 srueq
517 4397 579 4468 dipt.
669 4425 672 4434 ·

114 4484 201 4559 'Jno
212 4489 296 4540 stro
316 4487 462 4541 addiidnru
477 4489 738 4560 e..ixLAssqudpi.

158 4595 261 4649 puro
270 4580 443 4632 rnionesal
412 4579 697 4652 rouisLA.seq.dpt.

2 4102 3 4108 ἵ
114 4031 126 4066 ¹

2 4112 3 4168 ³
112 4123 218 4196 200)

111 4213 139 4286 2)

2 4084 3 4088 ι
116 3941 360 4105 icor
279 4034 371 4086 ι
334 4034 578 4104 mensusque
555 4032 652 4104 unp

115 4395 202 4466 2020

114 4577 170 4648 2’2
