3110 5080
430 344 622 400 lanounnrrus
636 341 670 398 lll
683 340 925 401 Grucssrormrrs.
1190 335 1267 406 409

79 517 162 600 ileo,
183 539 245 586 uec
265 516 342 588 Sodi
362 516 553 609 apostolicae
574 514 748 600 detulistis,
768 515 825 588 sed
846 521 883 589 ut
901 541 938 588 se
956 516 1137 588 redderent
1156 516 1272 609 corgi-

76 645 138 714 stis
157 643 296 714 miseros
312 643 511 717 Jadcrtinos.

169 771 284 842 Veneti
313 795 396 866 ergo
420 773 452 841 in
477 771 580 844 oculis
607 773 724 844 vestris
749 773 981 844 subverterunt
1000 794 1111 844 muros
1131 770 1270 842 civitatis

76 899 242 980 eiusdem,
270 898 491 993 spoliaverunt
510 899 689 984 ecclesias,
719 900 853 972 aedificia
880 900 1128 994 destruxerunt,
1158 904 1192 971 et
1210 921 1268 970 vos

76 1049 152 1098 cum
171 1027 219 1096 cis
236 1027 477 1098 Jadertinorum
496 1026 600 1120 spolia
620 1026 783 1098 divisistis.

165 1153 217 1224 Ne
243 1154 344 1246 igitur
371 1153 510 1226 addatur
537 1160 677 1248 peccato
705 1159 890 1247 peccatum,
920 1155 1014 1224 etin
1043 1153 1149 1236 vobis,
1179 1152 1267 1246 quod

75 1283 212 1376 legitur,
226 1281 415 1374 impleatur:
430 1283 879 1376 pcccatoreontemnitcum
893 1284 930 1352 in
942 1280 1154 1377 profundum
1168 1304 1269 1352 uene·
1355 1347 1358 1356 .

75 1415 124 1482 rit
148 1413 330 1492 fidorum
358 1408 601 1480 universitatem
629 1413 770 1480 vestram
799 1431 966 1480 monemus
997 1413 1031 1480 et
1060 1408 1270 1480 exhortamur

75 1536 256 1616 attentius,
288 1541 322 1605 et
347 1558 407 1628 per
434 1535 617 1628 apostolica
644 1535 736 1606 vohis
765 1535 887 1628 scripta
915 1535 1119 1618 mandamus,
1148 1540 1182 1606 et
1209 1535 1269 1606 suh

76 1661 342 1734 interminatione
360 1661 572 1734 anathematis
592 1661 741 1734 districte
760 1661 977 1756 precipimus,
996 1668 1154 1754 qnatenus
1168 1661 1270 1734 lade-

76 1813 146 1860 ram
166 1812 229 1860 nee
248 1788 424 1860 destruatis
448 1788 597 1882 amplius,
624 1811 723 1883 quam
745 1788 905 1888 hactenus
923 1796 976 1860 est
994 1788 1182 1868 destructa,
1208 1809 1270 1858 nec

77 1917 203 1987 destrui
232 1915 375 1998 faciatis,
404 1923 461 1987 aut
487 1923 641 2009 qnantum
668 1917 701 1986 in
727 1917 821 1986 vobis
845 1916 944 1988 fuerit
968 1915 1181 2010 permittatis,
1211 1913 1270 1986 sed

79 2044 201 2115 nuntiis
221 2043 312 2136 regis
330 2043 476 2114 eiusdem
495 2042 601 2114 ablata
620 2045 726 2115 omnia
745 2045 921 2114 restituere
940 2042 1137 2136 procuretis.

169 2170 323 2264 Alioquin
343 2195 401 2242 vos
421 2171 763 2244 excommunicationis
782 2172 953 2244 sententiaa
977 2171 1149 2242 subiacere
1167 2191 1271 2240 nove-

79 2299 150 2368 ritis
170 2306 204 2369 et
222 2321 241 2368 a
260 2297 421 2391 promissa
441 2298 532 2369 vobis
552 2300 646 2370 venia
665 2299 866 2370 remissionis
885 2299 1053 2370 immunes.

656 2497 709 2569 (ll.

81 2637 1270 2722 lnnocentlrsllldsmltllns,!srsnlbusetalllstlrseeslgnatlsslnesalrtatlone.

596 2761 628 2816 Α.
642 2761 667 2814 d.
683 2761 761 2816 1203.

174 2873 395 2937 lnnocentii
418 2871 508 2957 Papae
523 2871 562 2936 lll
578 2872 698 2958 epistol.
716 2871 783 2936 libr.
802 2871 837 2948 v,
855 2893 902 2956 ep.
921 2871 1024 2936 ctxtt
1047 2869 1112 2960 (ed.
1130 2871 1168 2935 de
1185 2872 1273 2936 ltre-

78 2982 224 3068 quigny
239 2981 276 3046 T.
294 2981 317 3054 l.
334 3001 364 3065 p.
380 2979 475 3068 231).

173 3132 268 3203 Tacti
301 3135 428 3202 sumus'
445 3129 560 3202 dolore
594 3131 704 3204 cordis
737 3133 933 3204 intrinsecus
958 3184 967 3199 .
994 3185 1002 3202 .
1031 3185 1039 3202 .
1078 3136 1165 3205 Sane
1199 3155 1272 3204 cum

82 3262 224 3331 Crucem
242 3259 383 3330 tuleritis
403 3266 539 3353 propter
558 3259 734 3342 Christum,
759 3261 790 3328 iu
811 3283 884 3329 eum
902 3259 1111 3352 postmodum
1131 3283 1272 3330 conver-

82 3387 186 3468 tistis,
212 3393 245 3457 et
271 3387 323 3481 qni
352 3384 539 3458 debueratis
564 3386 820 3458 Sarracenorum
849 3387 1047 3481 provinciam
1072 3409 1272 3482 expugnare,

84 3515 343 3585 Christianorum
361 3511 512 3586 iaderam
532 3514 731 3608 occupastis.

179 3639 374 3734 Accepimus
399 3641 496 3724 enim,
526 3639 615 3732 quod
645 3663 717 3710 cum
742 3639 819 3711 illuc
847 3639 975 3734 navigio
1005 3639 1176 3710 venissetis
1206 3647 1271 3711 cte.

84 3769 145 3858 (nti
162 3771 191 3832 in
208 3790 256 3854 ep.
273 3768 363 3834 CLXI
381 3752 493 3856 usque)
518 3765 762 3838 Jadertinorum
781 3767 884 3862 spolia
905 3767 1069 3838 divisistis.

176 3893 270 3965 Licet
295 3903 401 3966 autem
429 3918 527 3989 super
552 3895 616 3967 huc
633 3896 789 3966 fuerimus
810 3920 874 3966 non
894 3881 1055 3966 modicum
1075 3895 1272 3978 conturbati,
1412 3983 1417 3992 ι

83 4022 266 4118 gaudemus
290 4029 398 4094 tamen
418 4023 450 4091 in
469 4021 621 4108 Domino,
648 4024 736 4118 quod
760 4021 887 4118 culpam
911 4029 1050 4094 vestram
1072 4023 1273 4116 cognoscitis

85 4154 119 4220 et
144 4173 215 4220 eam
240 4150 423 4243 proponitis
446 4173 507 4242 per
530 4151 763 4244 poenitentiam
792 4151 941 4245 expiare,
970 4152 1056 4222 sicut
1081 4149 1272 4220 venerabilis

82 4273 187 4346 frater
214 4281 328 4346 noster
346 4275 595 4348 Suessionensis
615 4278 797 4386 Episcopus
809 4269 852 4370 ¹),
883 4285 917 4348 et
944 4275 1008 4360 alii,
1035 4277 1089 4372 qui
1113 4283 1273 4348 venerunt

81 4459 353 4468 ——--——-.-.——-....--..¹
362 4462 370 4466 -.

110 4555 136 4630 ι)
156 4554 249 4610 Nivolo
261 4555 295 4610 do
307 4555 467 4612 Charisiaco.
