3110 5080
276 365 353 438 llll
498 375 594 431 innoc.
606 375 640 430 lll
653 389 790 429 nrrsronn
805 389 841 426 un
854 371 1035 427 Bourrrcrmr
1050 371 1242 426 ttonmsrssa.

273 549 314 619 ad
328 549 461 643 propria
476 553 553 619 sunt
571 546 708 629 reversi,
727 546 767 616 de
786 543 934 640 proximo
955 549 1065 614 vestro
1085 541 1242 638 passagio
1263 540 1467 622 diffidentem

142 676 146 686 '
273 676 430 746 Saraceni
458 674 498 746 de
526 697 661 746 accessu
688 677 799 742 restro
829 669 936 754 dubii,
964 676 998 740 et
1022 669 1150 740 illorum
1179 691 1316 739 recessu
1345 667 1467 752 securi,

273 809 389 876 contra
413 801 617 874 Christianos
641 799 767 871 animos
793 803 1058 891 assumpserunt;
1093 803 1127 868 et
1151 795 1293 891 qualiter
1321 795 1469 891 peccatis

275 929 481 1024 exigentibus
499 925 741 1023 praevaluerint
759 932 874 998 contra
895 947 973 1009 eos,
993 924 1122 994 reterre
1142 921 1311 1008 nolumus,
1332 947 1407 995 curn
1427 923 1470 994 sit

273 1058 347 1128 lere
366 1056 503 1128 ubilibet
523 1054 733 1150 divulgatum.

364 1183 549 1255 Gaudemus
568 1187 692 1262 autem,
714 1179 819 1272 quod,
844 1177 988 1273 receptis
1008 1175 1112 1247 literis
1131 1171 1273 1263 nostris,
1294 1200 1468 1248 erroneum

274 1313 307 1382 in
326 1312 418 1383 robis
438 1309 659 1402 intelligentes
679 1327 867 1388 excessum,
893 1303 1012 1375 denote
1038 1326 1077 1373 ac
1102 1303 1264 1374 humiliter
1282 1305 1468 1376 mundatum

275 1439 356 1510 estis
375 1437 590 1533 apostolicum
610 1433 754 1515 executi,
782 1438 816 1502 et
829 1432 1020 1524 juramento
1039 1431 1200 1524 praestito
1221 1431 1272 1502 rel
1290 1433 1469 1526 recognito

275 1563 490 1636 absolutionis
510 1561 705 1632 beneticium
723 1559 938 1654 percepistis,
959 1581 1018 1628 vos
1038 1563 1072 1628 et
1090 1579 1304 1630 successores
1325 1541 1469 1643 vestros,

276 1689 331 1760 tilii
353 1691 509 1774 Comites,
535 1711 608 1758 cum
628 1685 758 1757 duobus
782 1685 966 1756 Baronibus
982 1685 1170 1769 Gallicanis,
1193 1685 1234 1755 ad
1258 1685 1471 1757 satisfacien-

275 1819 351 1889 dum
375 1820 468 1910 juxta
493 1814 678 1886 mandatum
704 1819 862 1897 nostrum,
890 1836 1062 1907 supereo,
1088 1811 1175 1907 quod
1202 1811 1289 1906 apud
1314 1811 1470 1883 Jaderam

276 1941 615 2016 excommunicationis
642 1939 836 2011 sententiam
861 1939 1063 2022 incurristis,
1090 1963 1151 2033 per
1175 1945 1330 2033 patentes
1355 1939 1469 2010 literas

278 2071 474 2166 obligantes.
513 2067 643 2140 Utinam
661 2073 769 2137 autem
790 2066 991 2159 poenitentia
1019 2075 1128 2136 vestra
1156 2067 1201 2136 sit
1228 2089 1324 2149 vera,
1359 2075 1397 2136 ut
1424 2065 1473 2136 sic

277 2199 473 2295 poeniteatis
499 2195 652 2266 videlicet
678 2193 720 2264 de
743 2193 942 2274 commissis,
969 2193 1059 2285 quod
1078 2217 1096 2264 a
1116 2193 1273 2264 similibus
1292 2194 1334 2264 de
1354 2200 1470 2264 cetero

277 2326 438 2406 caveatis;
477 2323 647 2416 quoniam,
677 2322 732 2414 qui
759 2319 866 2391 adbuc
894 2319 980 2412 agit,
1009 2319 1098 2415 quod
1125 2321 1305 2414 poenitet,
1323 2333 1392 2391 n'on
1421 2327 1473 2390 est

278 2455 464 2548 poenitens,
491 2451 548 2521 sed
575 2447 700 2533 illusor,
727 2453 760 2518 et
780 2449 852 2518 cani
872 2469 1007 2517 reverso
1027 2447 1068 2518 ad
1087 2447 1240 2518 vomitum
1260 2455 1472 2542 comparatur

279 2581 463 2673 poenitens,
489 2575 622 2648 rediens
640 2575 681 2646 ad
701 2581 884 2670 peccatum.
917 2573 980 2643 Est
999 2589 1131 2666 quoquc
1157 2574 1258 2644 levius
1284 2581 1472 2668 peccatum,

279 2706 367 2801 quod
387 2703 489 2776 semel
508 2703 732 2784 committitur,
753 2723 847 2796 quam
869 2685 985 2797 quod,
1002 2701 1210 2772 commissum
1231 2701 1352 2786 semel,
1378 2709 1474 2796 post-

278 2833 410 2904 modum
429 2833 577 2904 iteratur.

368 2959 483 3034 Nullus
502 2961 613 3052 itaque
631 2965 777 3029 vestrum
797 2959 858 3030 sibi
877 2965 1003 3031 temere
1023 2959 1221 3044 blandiatur,
1242 2961 1329 3056 quod
1349 2967 1474 3032 terram

278 3092 482 3162 Graecorum
507 3110 671 3180 occupare
698 3085 759 3156 sibi
784 3087 884 3157 liceat
909 3085 961 3156 vel
987 3085 1157 3180 praedari,
1184 3093 1339 3180 tanquam
1365 3089 1473 3160 minus

278 3216 323 3287 sit
336 3213 538 3310 apostolicae
554 3215 633 3285 Sedi
648 3212 813 3305 subjecta,
833 3217 867 3282 et
881 3211 969 3306 quod
979 3211 1168 3304 [Alesios]
1183 3213 1365 3308 Imperator
1381 3216 1473 3287 Con·

142 3360 145 3374 ’
278 3341 599 3434 stantin'opolitanus‚
621 3339 772 3436 deposito
786 3339 888 3409 tratre
904 3363 965 3410 suo
987 3346 1019 3410 et
1041 3340 1138 3409 etiam
1153 3349 1343 3424 excaecato,
1363 3345 1473 3438 lmpe-

279 3472 361 3542 rium
390 3467 570 3563 usurpavit.
607 3470 710 3548 Sane,
736 3473 1031 3561 quantumcumque
1058 3467 1091 3536 in
1118 3467 1183 3536 boe
1211 3466 1261 3536 vel
1290 3467 1359 3537 aliis
1386 3467 1471 3539 idem

279 3599 462 3694 imperator
488 3603 522 3667 et
553 3595 703 3667 homines
728 3597 801 3688 ejus
827 3593 1050 3685 jurisdictioni
1081 3593 1246 3665 commissi
1272 3593 1472 3688 delinquant,

280 3749 346 3796 non
372 3730 423 3794 est
447 3729 555 3794 tamen
575 3729 738 3803 restrum,
763 3719 804 3791 de
829 3721 976 3814 ipsorum
998 3719 1148 3814 judicare
1174 3719 1320 3804 delictis;
1349 3745 1413 3794 nee
1431 3721 1471 3793 ad

280 3851 345 3923 boc
364 3849 478 3921 Crucis
498 3847 701 3942 signaculum
721 3848 958 3942 assumpsistis,
985 3854 1021 3919 ut
1045 3847 1130 3920 banc
1155 3849 1364 3920 vindicaretis
1384 3851 1473 3944 inju-

279 3979 373 4062 riam,
399 3975 460 4048 sed
479 3975 691 4068 opprobrium
709 3977 819 4068 potius
834 3973 998 4059 Crucifixi,
1018 3977 1114 4072 cnjus
1133 3999 1193 4049 vos
1213 3975 1374 4072 obsequio
1396 4001 1473 4074 spe·

281 4105 408 4178 cialiter
427 4103 619 4198 deputastis.

370 4231 540 4302 Moncmus
559 4229 660 4323 igitur
678 4227 879 4300 nobilitatem
898 4237 1039 4300 vestram
1055 4235 1089 4301 et
1102 4229 1312 4302 exhortamur
1332 4237 1472 4314 attente,

282 4367 316 4430 et
334 4382 394 4454 per
412 4355 593 4452 apostolica
611 4355 705 4427 robis
724 4357 846 4451 scripta
865 4356 1100 4452 praecipiendo
1120 4355 1326 4442 mandamus,
1354 4365 1473 4452 quate-

282 4509 343 4558 nus
363 4509 424 4555 nec
445 4481 615 4576 decipiatis
635 4508 694 4555 vos
714 4483 823 4578 ipsos,
843 4509 905 4556 neo
925 4485 965 4554 ab
984 4483 1054 4555 aliis
1075 4481 1180 4578 decipi
1198 4486 1417 4579 permittatis,
1437 4493 1474 4556 ut

281 4613 343 4686 sub
366 4613 477 4705 specie
501 4611 633 4704 pietatis
659 4613 765 4706 agatis
792 4613 863 4697 illa,
893 4613 980 4706 quod
1000 4611 1103 4696 absit,
1133 4637 1216 4706 quae
1235 4613 1422 4684 redundent
1443 4615 1471 4682 in
