3130 5078
401 383 495 436 innoc.
508 379 542 435 lll
556 395 647 436 crusn.
660 397 697 436 an
709 381 818 436 discr.
831 381 968 436 lloumsr.
1197 364 1273 440 563

96 550 1278 646 abnuissulnumvpericulacollaboremalioquimnonhabitorespectu

99 680 141 750 ad
161 679 389 772 possessiones
403 687 437 750 et
455 677 733 758 honorificentias,
752 701 833 772 quas
853 677 981 749 obtines
999 675 1184 760 affluenter,
1202 675 1279 746 illud

98 805 155 876 libi
185 807 293 900 potius
320 803 544 898 injungamus,
572 827 633 898 per
658 803 746 898 quod
772 804 986 876 abundantius
1014 804 1172 874 merearis
1199 802 1278 874 iram

98 935 240 1028 supremi
270 933 391 1026 judicis
419 933 601 1005 declinare:
638 956 717 1004 sanc
745 948 804 1027 per
829 957 887 1018 eu,
915 957 999 1027 quae
1026 933 1176 1027 superius
1204 935 1280 1003 sunt

98 1061 242 1156 scripta,
270 1061 377 1133 tacitis
402 1059 519 1134 rideris
544 1059 784 1153 objectionibus
803 1061 1030 1156 respondisse,
1060 1083 1142 1156 quae
1162 1065 1278 1132 contra

98 1187 358 1283 crucesignatos
377 1193 515 1281 possunt
538 1187 648 1258 taliter
672 1187 863 1282 intorqueri.
894 1188 975 1258 Cum
995 1186 1079 1258 enim
1097 1211 1155 1258 vos
1175 1187 1279 1258 deuo-

100 1314 209 1386 usritis
234 1315 266 1385 in
292 1315 481 1409 obsequium
507 1313 650 1385 crucifixi
674 1314 715 1385 ad
742 1313 944 1385 liberandum
970 1313 1106 1384 Terram
1131 1319 1277 1384 sanctam

102 1441 143 1511 de
157 1441 303 1512 manibus
317 1463 531 1536 paganorum,
546 1448 580 1511 et
594 1441 654 1512 sub
665 1441 1005 1513 excommunicationis
1019 1441 1280 1512 interminatione

99 1569 192 1640 robis
219 1568 318 1639 luerit
344 1567 528 1652 inhibitum,
559 1591 600 1638 ne
626 1574 734 1639 terras
761 1567 1018 1640 Ohnstianorum
1045 1567 1198 1638 inuadere
1226 1566 1276 1638 vel

98 1695 230 1766 laedere
248 1696 439 1778 tentaretis,
465 1694 525 1766 nisi
550 1695 665 1766 lorsan
684 1695 747 1766 iter
765 1702 909 1766 vestrum
928 1695 988 1789 ipsi
1008 1694 1158 1789 nequiter
1176 1694 1279 1788 impe-

101 1823 227 1906 dirent,
260 1829 316 1892 aut
343 1821 403 1892 alia
433 1820 524 1914 justa
552 1827 587 1892 et
614 1821 800 1893 necessaria
829 1843 928 1893 causa
956 1821 1048 1891 vobis
1076 1827 1281 1906 occurreret,

100 1955 369 2043 propterquam,
390 1947 627 2018 interveniente
646 1949 749 2018 nostri
769 1946 887 2042 Legati
906 1945 1055 2030 consiliu,
1075 1947 1161 2019 aliud
1180 1970 1282 2041 agere

101 2075 264 2159 valeretis,
282 2097 353 2158 uos,
380 2073 497 2145 nullam
515 2075 547 2145 in
567 2077 714 2147 Graecos
729 2074 989 2167 jurisdictionem
1009 2079 1064 2146 aut
1082 2081 1280 2169 potestatem

100 2201 273 2285 hahentes,
291 2199 465 2293 apuritate
479 2201 546 2272 uoti
564 2201 664 2271 nestri
682 2205 808 2271 temere
827 2201 1008 2273 declinasse
1027 2201 1187 2284 uidemini,
1208 2203 1282 2273 dnm

107 2349 172 2399 non
191 2335 308 2399 contra
327 2325 548 2410 Sarracenos,
575 2327 633 2398 sed
652 2333 768 2398 contra
787 2326 989 2400 Christianos
1014 2349 1102 2398 arma
1125 2328 1283 2413 movistis,

105 2477 174 2526 non
192 2453 397 2525 intendentes
412 2451 454 2524 ad
471 2453 728 2548 recuperandum
741 2453 954 2539 Hierusalem,
974 2454 1033 2526 sed
1049 2454 1283 2527 Constantino·

105 2581 204 2676 polim
214 2579 450 2674 occupandum,
460 2585 612 2651 terrenas
623 2603 703 2674 opes
715 2580 914 2652 coelestibus
925 2581 1041 2652 divitiis
1050 2583 1281 2676 praeferendo.

103 2707 248 2802 llludque
270 2708 372 2800 longe
399 2706 529 2800 gravius
554 2712 736 2802 reputatur,
765 2693 852 2802 quod
878 2708 1005 2801 qnidam
1031 2731 1094 2780 nec
1119 2709 1282 2802 religioni,

104 2857 166 2906 nec
185 2833 300 2918 aetati,
321 2857 383 2905 nce
401 2834 491 2905 serui
509 2839 740 2928 pepercerunt,
759 2834 818 2905 scd
837 2834 1105 2920 lornillcationcs,
1125 2835 1282 2907 adulteria

105 2967 140 3034 et
157 2964 300 3034 incestus
319 2963 351 3032 in
371 2961 475 3033 oculis
493 2961 656 3032 hominum
676 2968 880 3047 exercentes,
906 2984 973 3033 non
992 2961 1095 3033 solum
1115 2965 1281 3034 maritatas

105 3096 140 3162 et
153 3087 276 3174 viduas,
295 3089 354 3160 sed
374 3089 468 3160 etiam
487 3095 653 3161 matronas
667 3095 702 3160 et
716 3091 859 3184 uirgines
879 3089 1017 3185 lleoquc
1037 3087 1161 3161 dicatas
1180 3113 1284 3186 erpo-

105 3225 243 3287 snernnt
271 3215 435 3310 spurcitiis
462 3217 671 3310 garsionum
706 3239 768 3288 nec
793 3215 979 3310 Imperialcs
1004 3216 1134 3287 suffecit
1159 3217 1285 3288 diuitias

107 3341 287 3424 exhaurire,
306 3347 361 3412 aut
379 3339 519 3435 diripere
538 3342 641 3436 spolia
661 3340 819 3434 majorum
838 3341 963 3435 pariter
982 3346 1016 3412 et
1033 3343 1205 3426 minorum,
1224 3343 1286 3413 nisi

107 3467 150 3540 ad
173 3467 392 3539 Ecclesiarum
419 3469 614 3550 thesauros,
643 3475 696 3552 ct,
725 3469 811 3562 quod
835 3467 966 3560 grauius
985 3474 1053 3552 est,
1080 3469 1120 3540 ad
1144 3470 1285 3564 ipsarum

108 3595 338 3690 possessiones
363 3593 581 3696 extenderitis¹
599 3617 711 3666 manus
736 3600 878 3679 vestras,
904 3593 1032 3666 tubulas
1051 3601 1226 3690 argenteas
1246 3596 1286 3667 de

108 3722 263 3794 altaribus
280 3723 457 3817 rapientes,
477 3721 667 3816 violatisque
686 3722 849 3806 sacrariis,
875 3723 999 3807 iconas,
1019 3745 1137 3793 cruces
1156 3729 1191 3794 et
1209 3723 1288 3794 reli·

110 3849 204 3944 quius
218 3855 442 3944 asportantem
454 3853 492 3920 ut
505 3847 706 3920 Graecorum
720 3848 881 3931 Ecclesia,
896 3854 1190 3944 quantumcumque
1204 3871 1285 3944 per·

108 3974 329 4047 secutionibus
348 3975 523 4070 affligatur,
543 3973 585 4046 ad
604 3975 820 4047 obedientiam
839 3975 1041 4069 apostolicae
1060 3975 1156 4047 Sedis
1175 3976 1285 4048 redire

110 4108 315 4187 contemnat,
331 4125 412 4198 quac
425 4105 458 4173 in
470 4101 593 4174 Latinis
606 4125 673 4174 non
686 4103 747 4173 nisi
761 4101 954 4198 perditionis
969 4102 1115 4197 exempla
1130 4109 1164 4175 ct
1183 4125 1285 4197 opera
1329 4091 1331 4096 ’

109 4229 316 4302 tenebrarum
324 4231 458 4324 aspexit,
472 4237 510 4301 ut
514 4229 582 4322 jam
591 4227 790 4301 meritoillos
799 4229 978 4302 abhorreat
987 4230 1060 4324 plus
1071 4251 1286 4325 quamcanes.

201 4357 251 4428 'lu
264 4379 342 4429 uero
358 4362 473 4428 contra
482 4355 641 4449 justitiam
657 4362 691 4427 ct
704 4361 901 4452 potestatem
914 4355 1104 4442 indebitam,
1118 4357 1168 4428 vel
1180 4357 1290 4452 potius

112 4491 310 4576 usurpatam,
325 4483 524 4576 apostolicae
538 4485 634 4554 Sedis
645 4483 762 4576 Legati
776 4483 945 4555 consilium
959 4484 1121 4579 allegasti,
1136 4491 1288 4578 tauquam

1011 4639 1075 4694 36*
