3110 5076
329 367 518 424 Purvronsrorr
532 369 635 424 lnnxrr
650 367 684 424 lll
697 368 758 422 Inar.
770 367 840 422 Van.
855 385 1031 424 conoessum.
1192 362 1269 433 247

84 531 258 617 diplomatis
288 539 402 618 partem
431 535 550 600 nomino
581 534 668 620 regni
699 533 855 618 Byzantion
884 536 1088 620 geographica
1120 533 1269 621 speotnre,¹

83 640 179 726 probe
195 643 380 717 solebamus;
403 643 482 708 uode
497 663 568 710 uero
590 645 639 710 lox
656 648 687 708 et
702 641 842 708 medela?
864 643 968 710 Anien
985 643 1169 710 Slnrieerum
1185 647 1267 730 peri-

83 759 129 814 ter
158 771 194 816 ae
221 752 449 836 byzantinorum
477 753 630 818 literarum
657 754 792 837 apprime
818 773 928 835 gnaro,
964 753 1268 842 Grigorouioio‚

81 859 366 927 buseo-Casenensi
390 861 564 948 professore
588 859 807 936 eruditissimo;
832 861 893 946 qui,
918 865 1050 926 amonte
1065 863 1143 928 Albo
1165 863 1269 928 blane·

83 969 234 1056 donieque
258 971 363 1042 redux.
384 971 415 1034 in
438 971 559 1034 archivo
576 969 800 1036 vindobonensi
821 970 919 1054 ipsum
943 975 1077 1036 nostrum
1093 971 1222 1056 diploma
1237 973 1268 1036 in

82 1079 176 1144 Libro
194 1079 270 1144 llbo
288 1079 351 1168 (sie
364 1077 496 1166 ridetur)
515 1079 630 1163 legens.
647 1084 760 1164 partem
772 1077 851 1143 illurn
863 1079 1108 1162 geogropbioenn,
1125 1081 1268 1146 altarino

84 1189 202 1254 Veneto
223 1189 352 1275 turpiter
372 1189 532 1264 foedatam,
553 1189 629 1252 seito
652 1187 832 1272 extoriptnm
856 1187 1043 1252 Sebolrrilio
1059 1195 1173 1262 nostro,
1195 1189 1269 1255 Prn-

83 1319 150 1382 gam
168 1299 305 1378 deletus,
330 1297 494 1363 liberaliter
516 1297 679 1370 oommlslt;
702 1297 781 1362 uude
804 1295 842 1360 nd
864 1317 919 1362 uos
935 1301 996 1360 tom
1012 1297 1268 1362 Solnelerikinnum

82 1429 184 1494 operte
198 1407 455 1490 Grigorovioienae
476 1406 678 1494 apographum
700 1405 837 1480 devenit,
859 1425 971 1490 pauens
984 1409 1149 1471 nostrerum
1162 1427 1266 1471 emen-

3 1601 5 1608 γ
83 1517 236 1582 dationum
260 1515 438 1591 emendans,
462 1515 551 1597 longe
572 1513 674 1598 plures
691 1513 878 1579 confirmans.
903 1513 956 1578 llis
972 1515 1064 1597 igitur
1079 1515 1186 1600 opibus
1201 1516 1269 1581 sulti

82 1628 166 1691 nonis
188 1625 274 1692 1848
292 1631 322 1689 et
341 1623 425 1689 1849
443 1631 574 1688 nostrum
600 1622 722 1688 Paetum
740 1623 818 1708 opud
840 1621 1037 1688 blonaeenses
1058 1624 1171 1709 publici
1190 1625 1267 1708 juris

82 1737 221 1802 ierimus.
253 1733 318 1798 lom
343 1751 416 1816 ergo
441 1753 516 1796 nova
538 1731 664 1816 prodeat
688 1731 814 1816 pretiosi
838 1732 1005 1798 documenti
1030 1732 1136 1808 editio,
1163 1733 1267 1800 nostri

82 1867 200 1932 qaoque
224 1845 308 1910 Libri
323 1841 392 1906 Albi
415 1845 446 1904 et
471 1839 627 1905 librorum
648 1841 731 1905 Part.
753 1841 954 1926 inspectione,
982 1861 1070 1927 mom
1091 1843 1122 1908 in
1145 1843 1268 1910 orebiro

2 2011 3 2016 ,
82 1953 308 2020 vindobonensi
331 1951 529 2022 instituimus,
551 1950 696 2032 reilgioee
717 1949 832 2024 nitens,
855 1951 973 2016 omissis
994 1955 1128 2035 peccatis
1149 1953 1267 2028 Morini,

2 2091 3 2102 ¹
82 2063 132 2148 qui
148 2083 221 2135 sua,
243 2067 276 2126 ut
297 2061 354 2126 elia
376 2049 463 2128 buius
485 2061 622 2142 generis,
647 2079 682 2124 ex
704 2058 765 2124 iltis
786 2059 944 2126 Paetorum
965 2059 1177 2137 voluminibus,
1201 2081 1267 2148 que

81 2173 112 2234 in
124 2171 242 2236 Veneto
260 2171 380 2236 archivo
398 2173 588 2234 asserventur
604 2174 691 2254 etque
708 2189 774 2233 eum
787 2165 1009 2232 vindobonensi
1026 2170 1186 2256 exemplari
1202 2176 1268 2235 tan·

82 2287 142 2345 tum
161 2303 221 2345 non
237 2277 428 2353 concordent,
446 2281 578 2356 maxime,
594 2282 626 2341 ut
641 2273 779 2348 diximus,
796 2275 979 2360 negligentia
997 2277 1189 2364 deprompsit.

173 2389 240 2455 lam
257 2389 295 2453 de
311 2390 399 2452 veniis
422 2387 691 2470 negotiationibus,
714 2405 779 2471 que
796 2391 929 2450 nostrum
945 2387 1066 2451 Paolum
1091 2395 1265 2453 antecesse-

82 2504 160 2572 runt,
178 2501 219 2563 ita
235 2500 407 2564 Andreas
430 2495 626 2562 Dendulus
648 2497 678 2558 in
695 2496 848 2568 ebronioo,
871 2515 900 2580 p.
919 2496 1001 2561 318:
1025 2497 1166 2574 Ieoeleno,
1184 2499 1264 2564 Con·

78 2609 396 2697 stentinopolitannm
408 2609 589 2694 pubernons
604 2606 784 2694 Imperiren,
805 2605 942 2689 fratrem
957 2595 1099 2678 babebat.
1115 2609 1264 2672 allenium

79 2719 216 2790 moen,
233 2719 322 2805 qaia
343 2717 475 2782 Ilarobio
491 2717 635 2804 captione
651 2715 857 2780 detinebatur.
875 2715 986 2804 Itaque
999 2718 1105 2782 maltis
1119 2717 1263 2805 pecuniis

81 2829 248 2916 missioque
264 2827 377 2914 leputie
393 2827 549 2914 captiuum
564 2825 701 2898 redimit,
725 2825 845 2890 oanatie
860 2825 899 2890 ale
914 2825 1050 2914 Imperio
1066 2847 1121 2892 ouo
1133 2848 1263 2916 praepo·

79 2938 136 3014 nit,
154 2943 186 3001 et
200 2945 349 3024 tunquam
368 2937 469 3020 fratri
485 2935 646 2999 carissimo
663 2941 785 3022 preter
801 2955 947 2999 eoronam
968 2943 1000 3000 et
1014 2936 1146 3024 Imperii
1160 2937 1265 3024 dipni·

79 3053 175 3111 tatem
193 3053 442 3134 potestatemque
466 3043 600 3109 omnium
621 3041 754 3107 tradidit
781 3043 992 3129 operatorum
1024 3051 1094 3109 eret
1120 3045 1202 3110 enim
1230 3047 1264 3111 ire

79 3155 177 3220 amnis
193 3161 348 3233 eirenem,
365 3153 422 3218 sed
431 3153 534 3217 auimo
547 3153 713 3240 improbae.
733 3151 855 3239 Copitet
867 3152 972 3240 itaque
984 3155 1085 3238 fratri
1096 3161 1126 3218 et
1138 3154 1263 3220 domino

75 3283 137 3349 pro
150 3266 261 3348 fructu
275 3263 410 3328 reddere
428 3283 564 3350 poenum
581 3269 610 3325 et
628 3281 692 3348 pro
706 3261 829 3347 pietate
844 3261 956 3326 dolam.
981 3263 1167 3328 Ambitionie
1182 3265 1264 3330 enim

1 3441 2 3450 ,
78 3381 241 3459 permotus
252 3373 395 3446 otinalio
403 3393 466 3460 per
476 3372 584 3458 ampla
596 3371 732 3436 donorio
743 3369 881 3436 reduotis
892 3373 1123 3458 potentioribus
1137 3374 1263 3440 Greco-

1 3455 2 3512 Ῐ
79 3503 158 3552 rum,
180 3503 341 3568 usurpare
355 3481 417 3548 eibi
427 3481 631 3568 presumpsit
645 3480 825 3567 Imperiosus,
847 3479 1072 3568 imperatorem
1087 3503 1264 3550 eeooeoore

80 3591 207 3678 q'neque
214 3591 314 3676 filium
323 3593 471 3658 allenium
483 3591 544 3656 XII
550 3593 621 3675 fere
632 3611 785 3654 annornm
799 3590 924 3656 carneri
933 3592 1126 3678 mancipare.
1141 3591 1206 3658 Sed
1211 3593 1265 3660 dei

1 3689 2 3716 ¹
80 3707 156 3764 nutu
163 3700 610 3787 paeristedeaaroerelopeue
619 3695 793 3784 (elapsus‘i)
801 3700 845 3766 ad
851 3701 936 3788 repis
944 3701 1263 3790 Hunporioeoonsapit

81 3811 248 3874 auxilium.
272 3809 387 3874 Alexio
404 3809 501 3896 ipitar
516 3807 707 3895 Imperatori
720 3809 798 3872 Due
815 3830 878 3895 pro
895 3811 1099 3876 renovatione
1115 3811 1265 3876 enodati

1 3949 2 4000 r
81 3927 110 3982 ot
124 3919 322 3984 restitutione
338 3921 531 3993 domnorum,
556 3919 594 3982 ud
612 3917 722 3982 Isaebo
739 3917 912 4004 promisee,
935 3919 1115 3984 Ileineriam
1132 3921 1215 3985 Zeno
1233 3929 1263 3986 et

1 4017 2 4050 ³
82 4027 240 4094 Morinum
255 4028 468 4115 Mustropetro
484 4030 604 4115 Iepotoe
619 4027 724 4103 mittit,
748 4047 817 4091 oum
833 4024 954 4114 paitrus,
977 4027 1049 4094 dam
1061 4030 1166 4117 petito
1182 4031 1261 4096 obti-

81 4158 151 4202 nere
163 4139 340 4226 nequirent,
356 4137 533 4224 Imperator
544 4138 698 4202 Joonnem
711 4136 902 4220 Gatotiornm
911 4139 1165 4225 opompoinrinm
1179 4140 1265 4206 anot

83 4245 213 4334 delepat.
238 4247 317 4312 Due
332 4249 415 4312 enim
429 4245 683 4334 requisitionibus
699 4245 919 4332 Imperiolibne
934 4231 1123 4314 dissentiene
1144 4250 1262 4314 Heni-i·

83 4376 148 4420 oum
163 4357 367 4444 Nuoipajooo,
390 4357 546 4421 Andreem
562 4355 686 4420 Donato
703 4361 733 4418 et
748 4355 947 4422 Benedietnm
963 4359 1107 4424 Gallieno
1123 4357 1159 4446 (l.
1175 4359 1262 4424 Gril-

85 4463 180 4552 Iiono)
192 4464 308 4530 Aleuio
321 4465 461 4530 remittit.
478 4465 520 4530 Et
532 4465 568 4531 bi
578 4489 641 4532 nou
654 4467 823 4534 concordes
836 4487 902 4532 eam
910 4477 1127 4554 protosevasto
1139 4473 1263 4538 Joonne

85 4573 289 4666 Ilonneopalo
297 4574 347 4662 (i)
359 4577 607 4663 lepotorerieunt.
616 4575 682 4642 Sed
693 4598 760 4642 oum
766 4576 900 4644 alienius
904 4579 1075 4666 petitiones
1086 4581 1263 4647 Venetomrm
