3110 5080
298 310 374 382 440
397 383 400 390 ,
517 319 608 374 Earsr.
623 319 716 374 laroc.
730 319 763 374 lll
776 337 813 374 sn
826 321 942 376 Pan-auru
957 337 1053 376 arnsr.
1067 321 1133 374 San.
1147 335 1248 375 unsar.

298 499 428 576 nostra,
452 513 519 562 non
539 489 676 576 deserit,
705 491 764 562 sed
782 491 892 587 dirigit
914 515 1050 587 gressus
1069 497 1219 575 nostros,
1246 495 1280 560 et
1298 495 1395 561 actus
1414 488 1474 558 sibi

298 619 404 692 reddit
422 625 588 710 acceptos.

388 745 602 816 Deuotionem
617 765 747 838 quoque
761 749 848 814 tuam
861 741 894 813 in
913 742 1049 815 Domino
1065 743 1337 827 commendamus,
1358 749 1475 836 utpote

299 873 370 966 qui,
390 895 452 942 nec
470 893 632 964 personae
651 893 802 964 parcens,
822 893 883 941 nec
901 870 1017 955 rebus,
1040 871 1203 966 injunctae
1222 871 1279 942 tibi
1297 869 1474 963 legationis

301 999 439 1070 officium
466 995 579 1068 studes
602 993 805 1068 laudabiliter
829 1021 1000 1082 exercere,
1028 999 1073 1069 ita
1098 1005 1133 1071 ut
1158 997 1282 1093 populi,
1307 1021 1369 1091 per
1393 1019 1475 1091 quos

299 1125 433 1206 nausis,
467 1123 612 1196 videntes
645 1145 745 1215 opera
776 1131 832 1196 tua
864 1123 966 1209 bona,
999 1123 1182 1218 glorificent
1212 1133 1339 1219 patrem
1373 1130 1475 1206 tuum,

213 1321 216 1334 ,
300 1251 353 1344 qui
393 1259 443 1321 est
479 1249 511 1320 in
548 1248 665 1332 coelis,
703 1257 737 1322 et
768 1249 800 1320 in
832 1257 867 1321 te
899 1250 1073 1322 Romanam
1101 1251 1279 1322 Ecclesiam
1312 1249 1476 1322 humiliter

300 1381 521 1449 revereantur.

386 1503 575 1596 Recepimus
590 1507 698 1573 autem
711 1501 834 1587 literas,
854 1525 933 1596 quas
954 1509 1009 1574 tua
1029 1502 1121 1574 nobis
1136 1503 1269 1574 deuotio
1285 1503 1472 1584 destinarit,

301 1630 517 1724 benignitate,
543 1651 605 1724 qua
631 1628 757 1713 decuit,
784 1637 924 1725 atquae
948 1653 1008 1723 per
1033 1652 1090 1700 eas
1115 1637 1181 1702 tam
1199 1653 1299 1724 super
1317 1652 1477 1726 processu

301 1758 461 1829 exercitus
480 1754 670 1839 Christiani,
694 1777 787 1850 quam
812 1755 940 1850 lmperij
961 1755 1309 1850 Constantinopolitani
1327 1755 1477 1849 negotio,

302 1888 388 1956 statu
402 1881 690 1976 ierosolymitanae
705 1881 901 1974 provinciae,
921 1883 1039 1952 nuntiis
1054 1882 1310 1955 Christianorum
1325 1883 1368 1954 ad
1382 1882 1478 1956 Saia·

302 2009 409 2081 diuum
427 2007 559 2081 directis
578 2014 611 2080 et
630 2007 699 2078 aliis
717 2008 881 2093 intimasti,
901 2008 1082 2080 notauimus
1102 2007 1285 2103 diligenter.

391 2136 472 2224 Quia
491 2159 569 2206 vero
589 2134 735 2218 dubitas,
762 2157 834 2206 cum
859 2133 891 2206 in
909 2134 1120 2228 Signatorum
1129 2131 1159 2228 ¹)
1179 2136 1356 2228 subsidium
1377 2136 1478 2207 fueris

302 2263 496 2346 destinatus,
515 2262 542 2333 si
556 2261 606 2334 rel
620 2261 782 2332 exercitus
801 2261 842 2332 ad
862 2267 970 2356 partes
980 2263 1267 2357 ierosolymitanae
1286 2263 1478 2344 accesserit,

303 2391 352 2462 vel
376 2399 410 2462 tu
428 2389 615 2483 perveneris
640 2389 681 2462 ad
706 2387 860 2472 eundem,
886 2394 992 2460 utrum
1011 2387 1144 2462 Venetis
1170 2389 1275 2462 adbuc
1293 2391 1325 2460 in
1345 2413 1478 2462 excom·

303 2517 516 2589 manicatione
550 2515 750 2587 manentibus
791 2515 1029 2586 communicare
1056 2516 1183 2600 valeas,
1219 2539 1291 2588 cum
1320 2537 1381 2588 eos
1410 2517 1479 2588 sine

301 2643 455 2716 scandalo
481 2664 624 2735 nequeas
649 2642 788 2723 enitare3
818 2648 932 2736 utpote
956 2665 1093 2736 quorum
1117 2643 1214 2714 etiam
1243 2645 1344 2716 nuntii
1378 2665 1481 2737 nuper

303 2769 510 2844 scandalizati
534 2769 682 2849 luerunt,
711 2768 784 2862 quia
811 2770 1049 2839 communicare
1068 2770 1146 2864 ipsis
1165 2769 1206 2842 ad
1225 2775 1259 2841 te
1278 2771 1480 2842 venientibus

302 2899 451 2982 noluisti,
477 2902 512 2968 et
536 2919 635 2991 super
658 2893 722 2967 boc
748 2895 916 2966 consilium
935 2903 1080 2968 nostrum
1098 2897 1219 2968 deuote
1238 2898 1397 2992 requiris,
1424 2897 1479 2968 tibi

302 3025 444 3096 breviter
463 3023 715 3116 respondemus,
741 3027 777 3091 ut
795 3022 917 3093 Ducem
937 3029 971 3094 et
989 3021 1132 3096 Venetos
1152 3023 1325 3119 diligenter
1344 3047 1479 3096 moneas

303 3157 337 3222 et
355 3151 497 3233 inducas,
518 3157 678 3242 quatenus
697 3149 887 3242 poeniteant
900 3150 940 3220 de
955 3153 1140 3237 commisso,
1160 3159 1193 3223 et
1210 3153 1389 3224 secundum
1409 3153 1479 3222 ior-

303 3301 385 3348 mam
409 3275 577 3347 Ecclesiae
605 3275 816 3347 absolutionis
845 3276 1034 3350 beneficium
1062 3255 1314 3374 consequantur.
1354 3277 1479 3366 Quodsi

304 3405 414 3476 lorsan
429 3403 460 3473 in
476 3403 680 3475 contumacia
693 3425 751 3474 sua
767 3403 917 3474 drrnerint
934 3406 1184 3498 persistendum,
1203 3406 1272 3490 tibi,
1294 3406 1348 3498 qui
1362 3409 1478 3480 Orien·

303 3533 376 3606 talis
393 3531 579 3628 provinciae
598 3529 826 3610 necessitates,
847 3531 1105 3604 circumstantias
1124 3533 1332 3628 negotiorum
1351 3543 1387 3604 et
1406 3557 1477 3627 per·

304 3683 453 3731 sonarum
478 3657 665 3752 qualitates,
692 3661 843 3750 tanquam
866 3681 1038 3753 praesens,
1064 3659 1187 3756 poteris
1214 3659 1329 3732 melius
1348 3661 1477 3740 intueri,

306 3785 449 3856 duximus
478 3783 739 3877 relinquendum,
769 3791 805 3856 ut
829 3786 898 3856 sine
926 3785 999 3856 labe
1025 3789 1151 3881 peccati
1175 3787 1240 3859 boc
1266 3809 1363 3881 agas,
1395 3787 1479 3882 quod

306 3913 407 4006 magis
427 3909 554 3982 noveris
575 3909 736 4002 expedire,
756 3933 828 3982 curn
848 3913 889 3984 sit
908 3914 1003 3984 etiam
1022 3921 1151 3986 cautum
1169 3915 1304 4008 injure,
1324 3913 1424 4008 quod,
1452 3916 1477 3984 si

306 4036 471 4130 quisquam
492 4061 553 4131 per
578 4043 698 4110 terram
724 4037 962 4110 baereticorum
981 4047 1037 4113 aut
1056 4042 1272 4137 quorumlibet
1292 4065 1474 4112 excommu-

306 4164 486 4234 nicatorum
513 4165 699 4249 transierit,
731 4167 969 4239 communicare
997 4169 1028 4241 in
1056 4169 1199 4240 emendis
1224 4176 1258 4240 et
1285 4167 1473 4264 recipiendis

307 4290 500 4362 necessariis
531 4293 635 4386 possit
666 4293 732 4378 eis,
769 4302 803 4365 et
834 4319 934 4390 super
963 4297 1207 4390 participatione
1245 4295 1472 4390 patrisfamilias

334 4517 358 4587 ¹)
378 4517 397 4572 l.
411 4535 433 4570 e.
448 4535 546 4573 cruce
565 4521 646 4592 sign.
668 4520 721 4574 Cir.
735 4537 795 4592 pag.
808 4520 870 4575 tta.
