3130 5078
283 325 360 396 510
589 335 730 390 Bnnomru
743 335 843 389 lurra.
857 353 948 392 arrsr.
961 353 1000 390 ao
1013 337 1111 392 lurion.
1123 337 1167 392 lll.

282 503 485 585 Occidentis,
505 503 632 575 nobiles
646 516 681 576 et
693 506 868 600 ignobiles,
888 506 1066 599 cujuslibet
1080 506 1277 577 conditionis
1292 515 1352 576 aut
1366 527 1477 587 serus,

283 630 406 698 eisdem
440 629 612 700 desideriis
645 654 822 711 accensos,
865 631 907 700 ad
941 654 1034 700 veras
1074 633 1315 722 immensasque
1349 631 1478 700 divitias

282 757 506 848 capescendas
530 757 730 850 temporales
755 757 879 850 pariter
897 764 932 827 et
950 765 1104 827 aeternas
1123 757 1321 828 salutaribus
1345 758 1479 828 monitis

283 882 481 965 accendatis,
497 882 667 975 proposita
678 883 882 952 venientibus
898 883 1047 952 omnibus
1061 883 1244 976 apostolica
1259 882 1479 974 indulgentia,

282 1008 377 1076 nobis
397 1013 431 1076 et
450 1008 588 1099 lmperio
612 1013 727 1077 nostro
755 1015 812 1077 aut
835 1007 1061 1099 temporaliter
1079 1013 1136 1077 aut
1155 1015 1316 1100 perpetuo
1335 1007 1480 1078 fideliter

282 1133 464 1204 servituris.
494 1131 661 1202 Uairersis
681 1133 785 1215 enim,
815 1133 887 1203 Deo
907 1133 1021 1216 dante,
1050 1115 1248 1214 sufficimus,
1274 1156 1360 1226 quos
1380 1133 1479 1203 nobis

281 1259 488 1331 Christianae
507 1259 677 1352 religionis
696 1259 787 1329 zelus
807 1260 994 1342 adduxerit;
1023 1261 1193 1330 universos
1212 1259 1364 1330 volumus
1382 1259 1480 1330 simul

282 1393 317 1456 et
335 1407 510 1478 possumus
535 1385 714 1455 secundum
744 1391 849 1455 status
875 1409 954 1456 suos
980 1385 1236 1478 varietatemque
1262 1385 1420 1456 natalium
1444 1393 1480 1456 et

282 1534 408 1604 augere
434 1510 568 1593 divitiis,
595 1514 630 1579 et
656 1509 838 1580 honoribus
861 1509 1028 1602 ampliare.
1058 1511 1253 1602 Specialiter
1274 1519 1386 1582 autem
1404 1514 1476 1584 Deo

280 1637 435 1708 amabiles
453 1635 706 1707 Ecclesiastieos
720 1637 821 1718 viros,
841 1635 1018 1727 cujuslibet
1030 1637 1200 1730 religionis
1214 1644 1272 1708 aut
1286 1640 1383 1720 ritus,
1404 1639 1475 1709 sol-

279 1763 413 1833 licitudo
443 1769 552 1832 restra
575 1767 713 1855 paterna
738 1768 894 1855 potenter
920 1762 1070 1843 inducat,
1097 1769 1135 1834 ut
1152 1755 1192 1832 ad
1212 1763 1297 1832 idem
1315 1764 1476 1857 populum

219 1977 223 1986 ι
281 1887 580 1982 praedicationibus
618 1887 757 1980 publicis
788 1893 827 1959 'et
857 1889 1048 1981 potentibus
1082 1888 1190 1959 verbis
1223 1891 1409 1961 accendant
1443 1899 1477 1963 ct

282 2015 435 2106 exemplis
450 2015 624 2098 edoceant,
644 2015 900 2107 catervatimque
915 2022 950 2085 et
963 2016 1024 2107 ipsi
1039 2017 1151 2085 venire
1164 2016 1321 2086 festinent
1339 2018 1373 2086 in
1392 2018 1476 2088 locis

280 2134 518 2212 amoenissimis
538 2147 572 2210 et
590 2141 781 2224 uberrimis,
809 2163 874 2211 non
896 2141 966 2233 jam
985 2142 1017 2210 in
1036 2143 1213 2234 sanguine,
1242 2143 1354 2212 sedin
1375 2144 1477 2214 multa

279 2268 432 2336 libertate
453 2274 487 2337 et
509 2291 590 2358 pace
606 2268 812 2360 omniumque
827 2267 988 2338 bonorum
1003 2267 1168 2337 allluentia
1182 2269 1364 2338 Ecclesiam
1379 2271 1477 2362 plan·

278 2393 391 2473 taturi,
422 2390 510 2461 salva
529 2413 673 2483 semper,
699 2399 736 2462 ut
755 2392 862 2476 decet,
890 2415 1027 2463 suorum
1045 2393 1204 2463 canonica
1223 2392 1355 2464 licentia
1370 2394 1476 2466 Prae·

279 2517 433 2588 latorum.
856 2609 860 2614 Ι

370 2643 422 2714 Ad
449 2643 578 2714 laudem
606 2643 704 2714 etiam
733 2650 768 2714 et
794 2643 935 2736 gloriam
964 2643 1194 2738 Redemptoris
1222 2652 1257 2715 et
1287 2648 1476 2718 sanctitatis

278 2777 409 2840 restrae
443 2775 639 2862 perpetuum
666 2769 769 2838 decus
798 2769 1034 2862 utilitatemque
1065 2771 1272 2864 praecipuam
1305 2773 1475 2864 generalis

278 2897 448 2967 Ecclesiae
469 2895 632 2986 pertinere
651 2895 855 2966 credentium
879 2895 986 2966 nullus
1012 2897 1213 2991 ambigeret,
1240 2899 1265 2966 si
1286 2899 1319 2967 in
1340 2901 1475 2970 civitate

280 3019 644 3112 Constantinopolitana
662 3021 828 3092 veteribus
847 3021 1008 3091 honorata
1028 3023 1176 3092 concibis
1195 3030 1305 3093 restra
1323 3024 1475 3116 paterni·

278 3153 330 3217 tas
345 3146 502 3240 generale
516 3147 689 3216 concilium
705 3155 916 3232 convocaret,
936 3148 1144 3219 beatissimae
1163 3171 1327 3242 personae
1341 3157 1474 3220 restrae

278 3271 463 3364 praesentia
493 3273 766 3355 confirmandum,
801 3295 983 3366 novamque
1017 3273 1154 3344 Romam
1188 3275 1290 3344 reteri
1320 3277 1475 3345 couniret

279 3397 504 3468 sanctionibus
530 3399 635 3468 sacris
660 3405 693 3468 et
716 3405 877 3490 perpetuo
902 3399 1057 3470 valituris.
1085 3401 1158 3470 Jam
1181 3400 1266 3468 enim
1291 3399 1333 3468 ad
1359 3401 1473 3471 conci-

278 3523 355 3594 lium
375 3523 544 3594 Graeciam
564 3523 719 3592 rebellem
733 3545 791 3592 vos
810 3525 963 3594 invitasse
977 3523 1159 3605 didicimus,
1180 3523 1271 3617 quasi
1286 3547 1373 3616 quae
1387 3549 1473 3596 nunc

277 3650 394 3720 ridetis
413 3656 562 3741 tempora
577 3647 834 3742 praesignando,
853 3651 931 3721 licet
949 3651 1016 3721 sire
1035 3673 1097 3744 pro
1117 3650 1300 3720 rebellione
1319 3653 1471 3722 Graeco-

278 3797 363 3858 rum,
382 3777 451 3845 sive
469 3798 530 3869 pro
549 3775 740 3847 utilitatibus
759 3776 869 3848 mundi
888 3783 922 3846 et
940 3777 1037 3847 variis
1057 3775 1326 3868 occupationibus
1341 3777 1471 3847 interim

279 3903 448 3974 rideamini
467 3901 644 3972 distulisse.

368 4029 456 4098 Ecce
482 4051 569 4098 nunc
593 4033 722 4120 tempus
746 4027 965 4121 acceptabile,
994 4027 1091 4098 Pater
1114 4035 1245 4107 sancte;
1276 4051 1357 4098 ecce
1385 4051 1473 4100 nuuc

280 4153 350 4226 dies
369 4155 493 4225 salutis.
515 4155 690 4246 Cogitasse
708 4155 835 4225 videtur
849 4154 1007 4226 Dominus
1025 4153 1226 4246 temporibus
1241 4155 1360 4224 vestris
1376 4157 1473 4247 cogi-

278 4281 421 4351 tationes
439 4281 547 4373 pacis,
575 4279 627 4373 qui
651 4281 831 4351 scabellum
849 4281 976 4375 pedum
994 4269 1333 4351 vestorum'oestros
1353 4285 1476 4374 posuit

281 4407 450 4477 inimicos.
480 4407 607 4489 Canite,
634 4429 842 4498 quaesumus,
874 4407 953 4478 tuba
972 4405 1168 4477 sacerdotali
1187 4407 1219 4476 in
1238 4407 1330 4486 Sion,
1356 4427 1473 4476 aman-

281 4533 407 4604 tissime
424 4532 534 4612 Pater,
559 4537 675 4604 vocate
694 4537 844 4615 coetum,
863 4539 1068 4624 congregate
1086 4529 1257 4625 populum,
1283 4530 1472 4602 coadunate
