3130 5082
483 365 613 420 Donsmo
627 363 788 418 Suedium
802 379 839 417 nu
851 361 942 416 Trno.
1235 353 1310 424 169

112 533 229 618 etiam,
259 533 350 626 quod
368 540 542 606 sexcentas
560 535 662 605 libras
681 533 763 605 lien.
785 533 826 626 (ἰ.
847 556 877 606 e.
904 529 1093 624 Veneticae)
1114 533 1155 604 ad
1173 555 1312 626 presens

2 731 3 734 ,
110 660 145 728 in
164 659 307 732 utilitate
326 667 361 732 ct
379 662 519 733 servicio
541 663 645 733 nostri
666 662 813 733 comunis
832 661 873 731 de
886 662 1023 754 pecunia
1039 659 1187 752 ejusdem
1203 662 1313 755 operis

114 785 246 860 dedisti.
278 789 348 860 llec
367 795 476 861 autem
495 791 603 862 omnia
621 789 677 860 tali
698 789 813 860 ordine
831 787 890 858 tibi
910 793 943 858 et
962 788 1023 881 ipsi
1043 787 1136 882 operi
1155 787 1312 860 concedi·

1 969 2 990 s
113 938 200 998 mus,
226 914 316 1008 quod
334 939 401 987 non
420 916 518 988 liceat
534 915 592 988 tibi
612 915 707 988 alicui
728 915 781 987 ille
800 914 996 986 concedere.
1027 913 1095 985 Sed
1115 921 1152 988 tu
1171 915 1242 1010 ipse
1260 915 1312 987 vel
1412 1009 1415 1018 Ι

113 1048 229 1113 certus
253 1041 372 1114 missus
396 1049 472 1114 tuus
492 1043 533 1114 ad
552 1043 605 1114 illa
625 1043 733 1114 omnia
756 1041 926 1114 retinenda
950 1041 1070 1112 ibidem
1096 1065 1170 1114 cum
1194 1049 1311 1115 nostro

113 1173 149 1238 et
168 1167 417 1240 consiliatorum
436 1169 573 1242 consilio
589 1221 599 1242 .
616 1222 624 1240 .
642 1223 651 1240 .
668 1169 787 1242 debeat
806 1175 1001 1252 sitantum,
1021 1175 1174 1262 quantum
1193 1171 1312 1242 missus

111 1301 204 1375 urus,
224 1319 319 1388 quem
338 1296 415 1368 illuc
433 1321 507 1368 cum
522 1303 636 1368 nostro
652 1303 686 1367 et
699 1297 945 1368 consiliatorum
960 1295 1097 1366 consilio
1110 1297 1236 1368 miseris
1252 1350 1260 1369 .
1277 1349 1285 1366 .
1302 1349 1311 1368 .

1 1480 2 1492 ,
111 1423 170 1493 illa
193 1423 301 1494 omnia
329 1423 501 1495 incolumia
529 1447 727 1496 conservare
746 1431 780 1495 et
798 1447 894 1494 manu
912 1429 1047 1506 tenere,
1074 1446 1195 1518 regere
1214 1431 1312 1520 atque

1 1515 4 1556 ‘
112 1549 294 1644 disponere
308 1549 448 1635 senem,
463 1552 521 1635 m,
537 1551 845 1644 qusununnomm
859 1549 948 1640 (ut)
964 1550 1085 1620 ustos
1101 1549 1309 1638 (mutem,

112 1682 183 1746 tarn
202 1675 245 1747 de
264 1677 363 1760 intus,
382 1677 535 1772 quamde
553 1670 681 1770 loris¹).
702 1679 745 1750 ut
764 1677 806 1746 dc
824 1676 987 1759 omuibus,
1008 1699 1072 1769 que
1091 1677 1150 1746 tihi
1169 1699 1312 1748 conces-

112 1802 238 1885 simus,
265 1826 328 1874 uec
352 1809 406 1886 tu,
432 1826 495 1876 nee
514 1810 591 1876 tuus
610 1805 730 1874 missus
750 1803 830 1874 dare
848 1809 905 1873 aut
923 1803 1048 1874 inleare
1067 1809 1124 1873 aut
1143 1804 1313 1898 inpignare

113 1937 174 2000 sut
195 1935 355 2024 pactuare
384 1931 529 2014 debetis,
558 1930 618 2002 sed
644 1954 775 2025 semper
803 1929 906 2000 libera
934 1932 987 2020 (et
1010 1931 1162 2024 inteprrp
1196 1935 1311 2001 nostro

112 2056 245 2127 comuni
262 2055 386 2128 debent
399 2081 581 2130 remanere.
602 2057 723 2128 Verum
737 2063 846 2128 tamen
867 2056 985 2128 domos
1005 2063 1137 2126 nostras
1158 2063 1192 2128 et
1210 2079 1313 2151 arga-

2 2184 8 2221 ⁵
111 2183 231 2267 steria,
258 2207 338 2276 quas
357 2185 389 2254 in
410 2185 540 2256 civitate
559 2183 732 2266 habemus,
762 2183 946 2276 cuicunque
963 2183 1023 2252 tibi
1041 2188 1098 2252 aut
1121 2189 1178 2254 tuo
1199 2183 1311 2268 misso,

110 2335 211 2404 quem
243 2310 319 2381 illuc
351 2311 588 2382 cumconsilio
617 2317 733 2382 nostro
760 2316 795 2380 et
824 2314 1013 2384 nostrorum
1043 2308 1313 2396 consili(atorom

107 2439 283 2527 nummis),
303 2438 475 2532 placuerit,
500 2436 611 2508 locare
632 2435 792 2518 debeatis,
819 2435 859 2506 ad
879 2440 1026 2506 nostram
1044 2441 1151 2506 tamen
1171 2440 1206 2504 et
1223 2441 1312 2506 tuam

109 2565 164 2636 vel
188 2566 237 2637 tui
265 2565 355 2636 missi
378 2565 579 2636 fidelitatem.
609 2566 690 2636 Cum
711 2571 820 2635 autem
839 2563 1054 2656 suprascripti
1074 2563 1217 2656 quinque
1237 2562 1312 2632 anui

108 2693 236 2764 fuerint
256 2692 429 2786 completi,
456 2697 513 2762 aul
536 2696 590 2773 tu,
618 2697 675 2762 aut
693 2710 870 2762 successor
887 2695 963 2762 tuus
988 2689 1114 2771 omnia,
1144 2711 1208 2782 que
1233 2691 1316 2781 (tibi

110 2821 362 2911 concessimus)
389 2817 688 2910 silescentem,
716 2817 786 2887 siue
807 2817 1025 2888 diminucione
1047 2822 1105 2887 aut
1128 2815 1311 2898 meliorata,

112 2947 211 3016 uobis
230 2951 414 3038 nostroque
433 2944 564 3016 comuni
582 2942 725 3015 reddere
744 2949 779 3014 ct
796 2941 952 3014 redutare
977 2941 1122 3026 debetis,
1149 2943 1235 3014 sicut
1259 2941 1312 3012 illa

110 3073 171 3144 tibi
186 3073 423 3144 concessimus.
448 3071 568 3142 Verum
584 3071 658 3163 quia
678 3071 709 3140 in
728 3071 833 3163 primo
849 3092 935 3142 anno
955 3071 1139 3165 (quinque)
1154 3092 1313 3142 annorum

113 3223 179 3271 non
198 3200 325 3295 poteris
343 3199 467 3270 habere
486 3198 649 3281 canamel‚
675 3221 737 3292 pro
758 3221 812 3280 eo,
833 3197 921 3291 quod
939 3197 1011 3290 ipso
1032 3219 1118 3269 anno
1138 3221 1199 3290 per
1218 3197 1312 3268 ordi-

8 3326 14 3405 Ϊ
113 3351 186 3400 nem
206 3328 435 3421 suprascripte
454 3325 516 3396 alie
536 3325 763 3396 concessionis
782 3322 860 3394 illud
880 3321 1003 3394 habere
1023 3323 1138 3407 debes,
1165 3327 1198 3394 in
1217 3331 1311 3395 sexto

7 3465 12 3483 '
113 3478 198 3526 anno
208 3453 290 3524 illud
300 3454 359 3524 tibi
369 3453 487 3524 tollere
498 3459 530 3523 et
546 3451 668 3522 hebere
685 3449 909 3521 concedimus.
932 3450 1070 3543 lnsuper
1087 3451 1141 3540 (ci
1154 3459 1191 3522 tu
1208 3455 1311 3546 spec),

114 3583 162 3653 rel
181 3588 261 3652 tuus
280 3581 412 3662 missus,
433 3603 530 3675 quem
549 3603 623 3649 cum
643 3577 780 3650 consilio
801 3584 918 3648 nostro
939 3583 975 3647 et
992 3583 1180 3648 nostrorum
1200 3579 1313 3648 consi·

112 3707 267 3780 lictorum
281 3707 422 3789 miseris,
442 3707 562 3776 ibidem
581 3713 670 3776 stare
689 3705 859 3776 volueritis
874 3727 979 3797 usque
997 3703 1038 3774 ad
1053 3705 1311 3798 suprascriptum
1349 3755 1356 3770 .

9 3832 15 3931 ξ
113 3837 302 3917 terminum,
331 3857 392 3928 per
410 3833 574 3928 publicam
592 3832 819 3926 promissionis
839 3837 962 3902 cartam
984 3853 1049 3902 non
1069 3829 1197 3904 debetis
1217 3854 1310 3902 com-

9 4013 10 4018 1
115 3961 188 4055 pelli
206 3963 242 4031 iu
254 3959 430 4032 Veneciem
445 3961 568 4031 venire.
586 4013 594 4032 .
613 4012 621 4029 .
645 3958 682 4028 Si
702 3963 820 4030 contra
838 3956 924 4030 hanc
942 3957 1168 4029 concessionis
1188 3963 1311 4030 cartam

8 4059 16 4091 ³
115 4089 161 4159 ire
179 4087 459 4182 temptaverimus,
479 4110 681 4181 componere
700 4087 919 4180 promittimus
939 4109 1011 4174 cum
1030 4086 1153 4156 uostris
1171 4109 1310 4157 succes·

13 4312 19 4341 Ι
119 4216 245 4285 solibus
259 4215 302 4286 de
322 4237 450 4285 camera
470 4215 575 4285 nostri
595 4214 742 4285 comunis
759 4213 988 4306 suprascripto
1009 4213 1102 4306 operi
1121 4213 1190 4282 auri
1209 4211 1310 4283 libras

13 4352 20 4403 !
123 4340 240 4413 decem.
269 4340 314 4412 Et
331 4339 394 4412 hec
413 4341 638 4412 concessionis
657 4345 749 4412 carta
768 4340 800 4410 in
819 4363 880 4410 sua
897 4339 1050 4410 firmitate
1068 4344 1272 4432 permaneat.

15 4596 22 4619 ι
141 4565 168 4642 ¹)
178 4570 263 4624 locus
273 4569 334 4641 plus
344 4567 426 4624 semel
436 4569 552 4632 mutilus,
561 4567 633 4640 quod
646 4567 777 4622 iudicasse
785 4565 903 4622 sufficiet
908 4584 916 4632 ;
926 4565 976 4620 alia
984 4565 1311 4640 qusedcmsupplerimus.
