3110 5080
557 373 675 427 Psoron
688 373 816 426 lloonrr.
1199 367 1275 438 397

90 545 197 627 Duce,
223 545 277 637 qui
296 545 328 614 in
348 543 467 614 domini
486 543 619 614 seruitio
638 541 723 614 ultra
743 566 831 614 mare
850 545 954 615 iturus
974 553 1046 616 erat
1065 569 1138 618 cum
1158 569 1275 642 magno

90 673 238 742 exercitu
256 672 382 743 navium
390 664 421 763 ¹)
441 679 474 743 et
492 672 679 743 assiriorum
700 695 739 742 ac
757 671 960 744 multitudine
979 674 1111 744 militum
1131 682 1163 746 et
1181 675 1276 768 pedi·

88 803 170 868 tum.
205 797 319 869 Altera
345 797 397 868 oie
426 805 502 892 post
529 799 599 870 eius
628 820 797 890 egressum
823 799 1046 891 potentialiter
1070 807 1103 872 et
1128 801 1276 894 gloriose

90 917 254 1018 Pyrauurn
273 924 438 1020 applicuit.
467 924 537 996 Nos
557 949 636 996 vero
655 923 803 996 homines
822 925 945 1020 ltlugle,
965 929 1019 1020 qui
1037 927 1136 1020 ipsius
1156 927 1276 998 domiui

88 1051 192 1122 Ducis
229 1041 484 1144 indignationem
520 1053 780 1132 incurreremus,
818 1059 1060 1145 cognoscentes
1098 1053 1139 1124 de
1175 1055 1276 1148 ipsius

90 1179 249 1262 adventu,
284 1201 325 1250 ne
353 1179 441 1250 sorte
464 1201 484 1250 a
509 1201 569 1249 suo
597 1178 740 1250 exercitu
768 1178 964 1262 laderemur,
991 1181 1078 1252 viros
1103 1182 1214 1273 utique
1234 1180 1276 1250 de

90 1307 279 1378 melioribus
298 1313 386 1378 terre
406 1312 518 1378 nostre
538 1306 579 1378 ad
602 1329 674 1376 eum
694 1306 839 1378 duximus
858 1307 1081 1388 destinandos,
1102 1307 1275 1380 Widonem

89 1433 243 1504 videlicet
274 1433 485 1527 lngilpretum
522 1432 780 1527 gastaldionem,
824 1433 1020 1526 Gregorium
1052 1427 1274 1527 Lugonem²),

89 1552 354 1652 arescentium)
373 1561 587 1644 Amantinum,
606 1560 807 1631 Dominicum
826 1561 866 1631 da
880 1552 1086 1654 Delpreto⁴),
1105 1561 1275 1632 Martinam

89 1687 292 1768 Thauanum,
311 1685 505 1758 Almericum
524 1708 682 1779 generum
701 1685 872 1778 Atelpreti,
892 1685 1063 1758 Martinum
1077 1686 1119 1758 de
1132 1687 1275 1760 Ambro-

87 1808 191 1906 sio⁵),
219 1815 350 1886 Petrum
376 1813 418 1884 de
440 1813 552 1898 Auria,
579 1806 789 1905 chillum⁶)
812 1813 853 1884 de
872 1813 1026 1898 Viuiano,
1050 1817 1209 1886 loannem
1234 1816 1275 1886 de

88 1940 208 2025 satha,
234 1940 437 2012 Beruarrlum
457 1941 498 2010 de
518 1941 654 2024 adamo,
679 1939 877 2012 Bertaboum
892 1939 1046 2032 judicem,
1072 1941 1275 2012 Dominicum

89 2068 132 2138 de
151 2066 290 2162 llarigo,
314 2067 462 2151 Baldum,
488 2067 713 2138 Marcuarrlum
731 2067 828 2140 lilium
846 2062 1054 2159 Bernardi⁷),
1079 2067 1275 2140 Almericum

89 2194 132 2264 de
151 2193 314 2288 liuglaet
332 2195 430 2279 alios,
457 2194 572 2266 dantes
597 2195 658 2266 illis
683 2194 811 2289 plenam
836 2195 987 2264 uirtutem
1006 2200 1041 2264 et
1065 2201 1275 2288 potestatem,

87 2327 125 2392 ut
143 2344 205 2391 nos
225 2328 259 2392 et
277 2329 398 2394 terram
419 2327 565 2392 nostram
584 2345 623 2392 ac
642 2323 750 2392 omnia
769 2327 882 2392 nostra
907 2321 968 2390 sub
992 2344 1051 2392 sua
1070 2315 1275 2414 potestate⁸)

89 2449 335 2542 subponerent,
363 2456 397 2520 et
421 2449 527 2520 omnia
552 2456 708 2543 precepta
736 2447 819 2518 illius
845 2451 930 2520 omni
955 2454 1080 2520 remota
1101 2449 1276 2520 occasione

88 2575 253 2668 jurarent.
284 2575 327 2646 Et
345 2575 392 2646 sic
411 2597 523 2646 ornnes
541 2575 753 2668 suprascripti
773 2574 831 2643 viri
857 2580 923 2644 tarn
949 2575 981 2643 io
1007 2575 1129 2645 animas
1149 2597 1274 2658 eorum,

93 2725 188 2796 φιιιιι]
213 2703 245 2770 ἰιι
270 2707 401 2773 nostras
420 2704 623 2795 juraverunt.
652 2702 760 2772 Factis
784 2703 892 2795 itaque
918 2701 1131 2772 sacramentis
1150 2724 1274 2772 memo-

92 2835 183 2900 ratus
209 2835 316 2900 autem
341 2829 489 2901 dominus
508 2831 579 2900 Dur
603 2836 754 2922 tanquam
774 2829 823 2898 vir
841 2827 1143 2911 christianissimus,
1170 2830 1276 2922 etqui

91 2957 123 3026 io
138 2957 190 3027 dei
204 2957 337 3027 servitio
352 2979 390 3027 ac
405 2957 506 3028 totius
521 2956 770 3028 Christianitatis
785 2956 848 3026 itcr
859 2949 1091 3050 arripuerat⁹),
1110 2979 1175 3026 non
1192 2979 1275 3026 con·

92 3083 236 3155 siderata
262 3091 449 3156 nostrorum
472 3085 592 3156 malitia
616 3083 849 3176 benignissime
872 3105 934 3152 nos
961 3082 1003 3152 sd
1027 3105 1118 3152 suam
1138 3083 1276 3175 gratiam

92 3212 274 3295 revocavit,
300 3211 518 3306 precipientes
541 3211 617 3281 viris
640 3211 793 3303 prelatis,
821 3215 858 3280 ut
883 3211 968 3280 irent
986 3207 1027 3279 ad
1045 3215 1275 3294 terramsuam

93 3339 299 3423 nuntiantes,
327 3339 415 3432 quod
442 3315 548 3432 gratie
572 3339 673 3432 ipsius
699 3337 818 3408 domini
837 3337 938 3408 Ducis
956 3337 1097 3406 restituti
1118 3360 1276 3418 essemus,

95 3472 128 3536 et
157 3467 246 3558 quod
274 3488 311 3535 se
338 3473 553 3560 prepararent
580 3465 621 3536 ad
649 3465 754 3558 ipsum
782 3465 962 3535 honorilice
986 3463 1208 3555 recipiendum
1217 3457 1275 3557 ¹⁰).
1331 3553 1334 3562 Ι

92 3593 295 3666 adveniente
320 3617 450 3688 quoque
474 3595 605 3666 domino
629 3595 719 3666 Duce
746 3593 785 3664 ad
809 3599 931 3664 terram
955 3599 1098 3664 nostram
1123 3615 1197 3662 cum
1215 3616 1275 3663 suo

94 3722 240 3793 exercitu
260 3723 408 3817 copioso,
426 3722 610 3816 recepimus
624 3745 698 3792 cum
713 3721 835 3791 ornatis
849 3719 1082 3792 sacerdotibus
1092 3725 1126 3790 et
1137 3719 1278 3802 clericis,

121 4130 148 4202 ¹)
167 4131 318 4196 nauium,
337 4131 507 4201 galearum
527 4133 555 4184 ot
573 4130 658 4184 ussi·
739 4128 764 4200 ‘)
784 4128 946 4182 Vecillum
965 4127 1017 4181 LA.

1 4274 2 4295 ,
167 4223 290 4296 riorum
308 4221 360 4276 LA.
737 4218 765 4291 ⁷)
785 4219 914 4274 Baldum
951 4217 1194 4272 Marchunldum
1229 4218 1277 4271 iil.

1 4301 2 4310 ¹
118 4312 148 4385 ¹)
168 4312 379 4383 Gregorium,
397 4312 560 4382 Lugonam
579 4311 631 4366 LA.
784 4309 878 4363 Bern.
898 4308 961 4376 LA„

118 4401 147 4474 ⁸)
167 4401 373 4458 Croscntium
392 4402 446 4456 LA.
785 4417 843 4472 pro
862 4417 920 4454 sue
938 4399 1094 4471 potantis
1113 4398 1165 4454 LA.

737 4397 750 4434 a

118 4493 148 4565 ⁴)
168 4493 209 4547 tle
229 4495 393 4565 Dalpreto
411 4490 464 4545 LA.
738 4400 767 4562 ’l
786 4490 969 4560 cripuerat
986 4489 1039 4542 LA.

727 4579 769 4652 ro)

120 4568 344 4654 5)“Αιιιῑιι·οκίο
363 4582 415 4637 LA.
788 4579 1038 4652 suscipiendum
1056 4579 1107 4632 LA.
