3148 5080
276 273 325 344 42
382 282 616 337 Daunarrnonun
631 297 779 336 rsourssro
793 297 829 335 ns
844 297 900 335 nos
914 293 1035 336 anian.
1051 295 1080 334 mv
1095 280 1190 334 Danu.
1204 279 1395 334 desnensis.

275 445 468 535 [Dominicus
484 443 623 533 Sylvius]
643 469 789 534 cpreoaua
806 467 858 512 eos
875 447 964 512 abire
980 445 1092 534 eoepit,
1110 453 1141 510 et
1152 445 1192 511 ob
1206 444 1321 508 incolis
1337 441 1488 507 solidam

270 558 456 642 fidelitatem
478 577 548 622 cum
569 557 780 643 promissione
795 577 857 622 aon
874 557 1058 621 adducendi
1071 556 1272 620 Noemonnos
1288 553 1323 616 ire
1338 553 1487 616 Decima·
1570 639 1571 642 Ἴ

275 667 351 731 tiam
379 666 528 752 saracepr't.
562 664 635 728 Cum
663 665 711 728 his
736 663 840 730 confer
863 685 940 728 num.
967 663 1042 728 xlx.
1064 663 1155 746 hujus
1182 661 1399 734 collectionis,
1432 658 1490 722 ubi

278 773 409 838 Venetos
426 773 463 836 ab
479 773 711 858 Imperatoribus
729 772 858 847 Graecis,
875 755 1058 837 Venetorum
1074 771 1237 838 adbuctum
1254 769 1397 842 dominis,
1424 767 1490 832 sub

276 903 385 946 annum
402 882 464 947 991
485 881 646 948 dominium
663 881 818 948 Dalmatiae
837 884 1017 967 impetrasse
1035 886 1185 946 narratur.

367 1033 403 1102 ln
423 1033 552 1103 nominc
568 1032 687 1104 domini
703 1033 755 1104 dci
771 1034 873 1104 eterni
890 1037 924 1103 et
940 1033 1111 1104 salvaton’s
1126 1030 1232 1102 nostri
1245 1031 1327 1102 Jesu
1341 1026 1489 1100 Christi.

276 1157 372 1228 Anno
393 1157 433 1229 ab
454 1159 678 1228 incarnatione
698 1157 847 1252 eJusdem
871 1157 987 1240 1075,
1007 1182 1121 1230 mense
1141 1157 1324 1238 Februarii,
1351 1155 1408 1225 die
1431 1153 1490 1234 8⁴,

277 1285 455 1356 indictione
474 1284 541 1355 XV.
564 1283 706 1378 (cxlii)
735 1286 889 1356 Deoniana
909 1294 942 1357 ct
961 1287 1103 1357 Cromna.
1133 1285 1371 1354 Promittantes
1395 1303 1491 1375 pro-

278 1413 432 1482 mittimus
451 1435 513 1483 nos
532 1413 627 1483 Prior
645 1413 822 1508 Spalatinae
842 1413 992 1498 civitatis,
1013 1413 1166 1484 videlicet
1184 1407 1374 1504 Stephanus
1389 1407 1491 1478 Vua-

276 1539 338 1610 liza
358 1540 507 1621 nomine,
528 1545 627 1631 atque
646 1539 813 1611 Gaudinus
832 1541 1015 1624 Tribunus,
1039 1539 1136 1611 [lom.
1157 1539 1282 1621 blarra,
1309 1539 1365 1609 Jo.
1386 1537 1492 1608 Peri-

278 1689 377 1761 pano,
398 1666 515 1738 Petrus
534 1666 620 1737 lilius
639 1666 812 1750 Dominici,
841 1668 929 1740 Desa
954 1668 1038 1738 filius
1058 1666 1185 1750 Gocini,
1214 1666 1367 1760 aliusque
1393 1664 1492 1734 Desa

278 1793 435 1876 Michael,
474 1791 662 1886 Stephanus
700 1792 905 1876 Nichiiorus,
940 1793 1129 1864 Dominicus
1157 1795 1274 1876 Drasi,
1305 1791 1492 1865 Forminus

281 1920 413 1990 Salatus
433 1942 505 1988 cum
525 1919 683 1989 universis
703 1921 827 1990 nostris
852 1920 1057 2002 concivibus,
1086 1919 1269 2013 majoribus
1290 1925 1325 1990 et
1343 1917 1492 1988 minori·

281 2046 361 2128 bus,
391 2067 538 2115 necnon
559 2051 592 2116 et
610 2045 705 2117 Prior
724 2045 918 2138 Tragurinae
939 2045 1095 2126 civitatis,
1123 2045 1237 2117 Vitatis
1266 2046 1420 2126 nomine,
1453 2049 1491 2112 et

283 2173 401 2242 Petrus
419 2171 525 2254 Bello,
545 2173 711 2264 Georgius
730 2173 930 2264 Rogaboici,
949 2173 1096 2244 loannes
1116 2172 1240 2258 Ghudi,
1260 2155 1489 2244 Sabaudicius

281 2297 559 2382 Archidiaconus,
587 2298 677 2368 Desa
694 2298 845 2370 Andreas
867 2299 1075 2383 Dominicus,
1106 2322 1180 2371 eum
1201 2299 1331 2372 cunctis
1357 2297 1490 2370 nostris

283 2425 484 2507 concivibus,
502 2424 679 2496 maioribus
699 2431 732 2495 et
751 2423 939 2506 minoribus,
960 2432 1074 2496 nostre
1095 2427 1247 2511 civitatis,
1267 2433 1371 2519 atque
1393 2424 1489 2496 Gan-

285 2551 391 2634 didus,
407 2552 500 2622 Prior
513 2551 681 2622 ledrensis
698 2552 848 2633 civitatis,
863 2557 896 2622 et
910 2551 1036 2622 llladius
1046 2551 1135 2647 Sega
1147 2553 1264 2648 judex,
1280 2551 1490 2624 Nichol'orus

284 2679 392 2750 Selius
410 2677 512 2760 Zella,
533 2677 657 2748 llladius
678 2677 801 2761 Gallus,
820 2677 931 2749 [labro
951 2679 1109 2762 Strincia,
1128 2681 1276 2751 ioannes
1295 2678 1490 2773 Spatarius,

286 2803 498 2886 Candidatus,
517 2802 721 2896 Lampridius
740 2802 888 2875 bladinus
907 2805 1048 2888 Martini,
1068 2804 1260 2878 Valentinus
1280 2806 1394 2901 Speri,
1414 2805 1490 2876 An-

286 2931 384 3000 dreas
404 2930 583 3000 Gamerarii
600 2951 639 3000 ac
652 2930 794 3000 universi
813 2933 916 3002 nostri
932 2934 1098 3017 concives,
1118 2934 1261 3005 maiores
1276 2941 1312 3004 ct
1325 2934 1490 3015 minores,

288 3061 386 3148 atque
405 3056 498 3126 Prior
517 3055 559 3124 de
578 3055 763 3148 Belgrado‚
790 3057 904 3128 Justus
924 3055 1121 3142 veneticus,
1143 3033 1350 3153 Gregorius,
1379 3059 1491 3131 frater

288 3183 445 3277 episcopi,
465 3182 578 3274 Drago
599 3181 641 3252 dc
661 3181 824 3265 Grustina,
848 3181 987 3254 Michael
1006 3185 1048 3255 dc
1068 3185 1172 3268 Utica,
1192 3187 1402 3258 Paestantius
1422 3187 1499 3273 Pe-⁸

287 3309 396 3402 trigna
415 3307 596 3390 Anastasii,
625 3305 761 3378 lllichael
792 3308 833 3379 de
861 3308 965 3380 Diach
984 3309 1062 3381 Viro
1091 3309 1354 3407 [Dorocbio‘lL
1386 3319 1494 3405 atque

289 3457 402 3506 omncs
423 3435 576 3505 concives
596 3441 710 3503 nostre
730 3434 885 3516 civitatis,
913 3437 1004 3506 vobis
1024 3437 1157 3508 domino
1177 3439 1351 3510 Dominico
1371 3437 1494 3520 Silvio,

275 3561 372 3640 ,Duci
390 3559 536 3630 Venetia
556 3565 589 3629 et
607 3557 791 3640 Dalmatia,
821 3581 859 3629 ac
879 3559 1039 3652 imperiali
1067 3562 1290 3656 protbofodro
1312 3566 1355 3657 (l.
1371 3576 1495 3660 proto·

288 3686 415 3778 bedae)
437 3694 471 3757 et
488 3685 618 3755 Seniori
638 3691 766 3767 nostro,
786 3692 822 3754 ut
836 3685 876 3755 ab
891 3686 952 3756 hac
968 3687 1020 3758 die
1040 3691 1071 3758 in
1091 3697 1199 3774 antea,
1221 3715 1361 3785 quarum
1381 3691 1496 3762 nullus

289 3819 480 3885 nostrorum
509 3813 624 3883 civium
648 3810 766 3882 audeat
790 3809 955 3882 adducere
973 3811 1199 3886 Nortmannos
1224 3824 1280 3888 aut
1310 3823 1496 3889 extraneos

290 3943 322 4010 in
341 3939 545 4023 Dalmatiam,
565 3947 621 4010 aut
639 3961 700 4032 por
719 3961 755 4007 se
775 3938 891 4031 ipsum,
913 3938 962 4008 vel
982 3942 1097 4032 quovis
1117 3944 1263 4036 ingenio.

381 4066 416 4136 Si
443 4068 514 4160 quis
540 4072 647 4136 autem
671 4064 768 4156 hujus
794 4063 929 4134 sceleris
955 4069 1188 4159 prevaricator
1208 4071 1359 4143 inventus
1379 4073 1497 4156 luerit,

291 4201 390 4264 etse
419 4191 565 4284 legitime
594 4211 752 4260 excusare
779 4211 845 4259 non
873 4191 1007 4283 poterit,
1037 4195 1162 4265 amittat
1191 4197 1291 4267 vitam
1321 4221 1430 4282 suarm
1463 4207 1500 4270 et

292 4317 449 4413 quidquid
474 4301 680 4411 possidetis
705 4314 769 4386 hoc
789 4314 918 4398 seculo,
944 4317 1151 4391 medietatem
1171 4323 1203 4391 in
1224 4346 1357 4396 camera
1377 4327 1498 4413 Ducis,

293 4455 327 4519 et
354 4445 563 4518 medietatem
591 4441 735 4525 civibus,
765 4465 828 4536 qua
856 4443 888 4512 ia
916 4443 1046 4517 civitate
1073 4451 1311 4542 prevaricator
1341 4453 1499 4528 inventus
