3130 5078
307 325 382 398 522
629 335 720 390 darer.
737 335 821 390 Ducis
835 336 941 391 Vener.
956 349 991 389 nn
1004 334 1099 388 luuoc.
1112 332 1154 386 lll.

305 504 489 588 Dandulus,
525 505 701 576 Dalmatiae
729 511 826 600 atque
855 505 1006 576 Oroatiae
1035 504 1123 587 Dux,
1153 509 1262 574 uester
1288 503 1416 574 humilis
1446 513 1477 574 et

306 634 453 716 devotus,
475 653 547 702 curn
566 633 652 702 omni
671 629 844 704 devotione
863 633 1036 704 seruitium.

393 761 512 830 Notum
525 759 610 828 facio
620 760 782 829 sanctitati
797 765 936 842 restrae,
952 758 1050 852 quod,
1066 779 1138 828 curn
1153 777 1478 852 crucemassumpse-

305 887 363 956 rim
387 907 449 978 pro
474 886 605 955 servitio
633 887 712 957 lesu
738 885 857 957 Christi
882 893 917 956 et
947 891 1081 956 sanctae
1107 885 1270 954 Romanae
1297 883 1478 968 Ecclesiae,
1511 909 1512 912 ¹

305 1019 337 1082 et
361 1011 577 1082 transmeandi
603 1013 706 1104 gratia
734 1013 774 1084 de
793 1011 935 1084 Venetiis
961 1013 1025 1082 iter
1049 1011 1255 1103 arripuerim,
1281 1012 1479 1083 necessitate

303 1139 458 1233 temporis
483 1137 626 1210 hiemalis
648 1140 822 1233 ingruente
841 1141 1003 1234 oportuit,
1032 1161 1082 1208 me
1115 1159 1187 1208 cum
1215 1137 1313 1208 stolio
1342 1161 1419 1209 meo
1446 1145 1478 1210 et

303 1267 550 1359 peregrinorum
577 1267 659 1360 apud
680 1265 831 1338 Jaderam
856 1267 1016 1346 hiemare;
1045 1286 1219 1358 quaecum
1238 1269 1328 1334 essct
1347 1263 1477 1335 rebellis

303 1391 378 1461 milri
398 1399 430 1462 et
443 1391 606 1463 Veneticis
624 1391 725 1486 longo
744 1399 893 1487 tempore
910 1393 1031 1486 injuste
1049 1413 1108 1485 per
1126 1389 1344 1485 proditionem
1363 1399 1477 1462 contm

297 1519 481 1611 juramenta
500 1519 668 1612 praestita,
689 1519 872 1596 decivitate
886 1527 920 1590 et
934 1519 1068 1602 civibus,
1086 1516 1264 1589 secundum
1278 1515 1369 1612 quod
1382 1518 1479 1588 moris

305 1653 356 1715 est
373 1645 509 1716 invicem
528 1669 564 1715 sc
583 1647 822 1730 inimicantium,
844 1648 948 1740 juste,
973 1651 1010 1716 ut
1029 1645 1217 1726 existimari,
1236 1643 1360 1737 sumpsi
1380 1643 1478 1714 ultio·

305 1793 388 1841 nem.
427 1772 545 1842 Verum
580 1774 669 1866 quia,
694 1780 730 1844 nt
752 1772 931 1855 dicebatur,
960 1773 992 1840 in
1012 1782 1118 1842 vestra
1138 1777 1231 1842 erant
1257 1772 1479 1864 protectione,

304 1897 391 1992 quod
409 1898 482 1970 ideo
502 1921 567 1970 non
586 1899 778 1983 credebam,
803 1899 959 1991 quianon
979 1898 1126 1968 existimo
1145 1919 1220 1980 vos,
1245 1920 1307 1968 nec
1325 1905 1478 1970 anteces-

303 2047 397 2096 sores
416 2033 555 2109 vestros,
581 2025 652 2096 illos
671 2027 730 2096 suls
750 2025 957 2121 protectione
977 2025 1136 2118 recipere,
1164 2025 1217 2116 qui
1236 2046 1370 2095 crucem
1390 2026 1477 2097 acci·

302 2153 393 2246 piunt
410 2157 546 2236 tantum,
566 2159 602 2224 ut
621 2175 691 2223 earn
709 2159 853 2247 portent,
873 2175 937 2224 non
956 2153 1051 2224 etiam
1066 2151 1129 2222 iter
1143 2151 1322 2246 perficiant,
1341 2159 1478 2247 propter

304 2278 390 2373 qnod
410 2279 577 2371 peregrini
594 2280 702 2350 solent
721 2301 855 2372 crucem*
871 2280 1040 2372 accipere,
1066 2278 1125 2349 sed
1144 2285 1178 2348 et
1195 2279 1300 2349 aliena
1318 2279 1479 2350 inveniant

305 2411 338 2476 et
362 2405 483 2498 injuste
508 2405 691 2488 detineant,
721 2406 906 2500 paternitati
931 2413 1058 2477 uestrae
1084 2405 1198 2477 cointra
1227 2429 1278 2475 ma
1310 2412 1344 2476 et
1370 2405 1478 2476 lienc-

253 2627 256 2632 .
304 2539 357 2603 tos
384 2535 575 2603 sententiam
606 2534 943 2605 excommunicationis
973 2533 1094 2626 placuit
1125 2509 1351 2626 promulgare,
1386 2554 1479 2627 quam

304 2661 464 2753 patienter
492 2667 527 2729 et
550 2659 716 2738 humiliter
743 2661 967 2744 consumimus,
1000 2683 1102 2755 usque
1136 2683 1199 2753 quo
1231 2681 1291 2753 per
1318 2659 1479 2731 dominum

303 2785 489 2880 P[ctrum],
520 2787 602 2859 tituli
634 2788 736 2859 sancti
774 2787 916 2859 Marcelli
960 2787 1185 2883 presbyterum
1215 2786 1418 2857 Cardinalem
1448 2793 1480 2858 et

303 2923 436 2987 sanctae
454 2918 618 2987 Romanae
637 2914 805 2985 Ecclesiae
825 2915 999 3006 Legatum,
1027 2914 1181 3007 praestita
1200 2913 1365 3006 condigna
1384 2913 1480 2985 satis-

303 3043 648 3126 factione‘meruimus
668 3041 915 3125 absolutionem,
944 3033 1028 3112 sicu't
1052 3040 1227 3112 secundum
1247 3040 1480 3111 ordinationem

304 3175 484 3241 vestrorum
513 3170 695 3240 nuntiorum
724 3175 758 3240 et
786 3169 980 3262 scriptorum
1014 3167 1164 3262 paginam
1197 3173 1326 3239 vestrae
1359 3169 1483 3261 poterit

203 3285 206 3295 ¹
304 3299 466 3369 sanctitati
494 3297 611 3369 clarius
639 3298 856 3368 innotescere.

393 3423 649 3518 superveniente
685 3431 791 3495 autem
830 3424 1040 3518 inspiratione
1078 3423 1182 3492 divina
1220 3421 1344 3514 magis,
1387 3444 1480 3514 quarn

306 3551 460 3634 humano,
486 3557 523 3621 ut
542 3551 720 3643 opinamur,
746 3551 900 3633 consilio,
930 3551 1060 3632 Alexio,
1087 3547 1151 3619 filio
1172 3547 1334 3641 quondam
1355 3549 1480 3632 luscinii,

306 3679 512 3773 lmperatoris
533 3677 896 3772 constantinopolitani,
921 3677 1016 3748 eurrdi
1045 3677 1075 3746 in
1100 3675 1285 3746 llomaniam
1314 3675 1379 3746 iter
1397 3677 1480 3745 arri·

305 3807 441 3900 puimus,
461 3812 494 3877 et
512 3806 625 3900 ipsum,
645 3805 730 3874 sicut
743 3805 880 3876 Domino
895 3804 1026 3898 placuit,
1042 3803 1197 3895 praestita
1216 3801 1310 3872 abeo
1331 3803 1481 3874 cautione

307 3935 347 4004 de
363 3933 546 4004 obedientia
566 3939 701 4002 sanetae
713 3934 877 4002 Romanae
893 3930 1072 4014 Ecclesiae,
1093 3929 1225 4021 expulso
1247 3927 1359 3998 Alexio
1380 3953 1479 4000 arun·

306 4061 378 4131 culo
414 4083 473 4131 suo
507 4065 666 4153 captaque
696 4059 1054 4153 Constantinopolitana
1083 4057 1230 4135 civitate,
1258 4077 1332 4124 cum
1362 4077 1481 4148 magno

307 4188 452 4282 periculo
479 4194 513 4257 ct
537 4187 651 4258 labore
676 4185 824 4256 obtinere
852 4187 1049 4265 curavimus,
1076 4183 1166 4276 prius
1185 4181 1224 4252 ab
1244 4179 1371 4252 lsachio
1390 4190 1482 4276 putre

306 4317 406 4408 ipsius
435 4323 468 4386 et
494 4315 682 4407 parentibus
710 4312 782 4404 ejus
811 4319 844 4382 et
869 4312 1013 4404 pluribus
1033 4310 1101 4380 aliis
1120 4309 1325 4400 magnatibus
1344 4310 1483 4380 ciuitatis

308 4441 419 4512 eadem
430 4443 603 4512 securitate
613 4445 765 4533 accepta;
780 4439 845 4532 qui,
861 4463 933 4508 cum
944 4440 973 4508 in
985 4438 1070 4508 dicta
1081 4437 1297 4530 promissione
1309 4436 1482 4506 mendaces

308 4577 341 4638 et
377 4569 509 4641 fallaces
548 4569 741 4650 existerent,
786 4569 875 4662 ipsos
915 4573 1068 4662 tanquam
1110 4563 1310 4634 inimicantes
1349 4573 1482 4634 sanctae
1554 4579 1556 4660 j
