3130 5082
309 331 384 400 114
435 339 576 394 Foeoaeis
591 338 735 394 Acerrani
749 355 803 392 aaa
816 339 1000 394 Ennuueueu
1014 339 1179 394 Conuenae
1194 355 1369 394 annevirre.

300 505 429 594 potenti
448 506 527 570 stolo
548 525 648 592 oeque
663 504 709 568 od
724 503 881 590 Oropoioo
894 503 1014 591 perpet,
1038 510 1069 568 et
1088 503 1208 570 Veron·
1224 503 1257 568 in
1273 503 1433 568 Romania
1450 503 1501 566 de·

302 613 460 701 uentibus,
476 619 512 677 ot
526 613 571 678 od
585 611 761 676 coercitum
772 619 962 698 properent,
984 611 1018 676 in
1033 611 1193 676 mandatio
1208 611 1305 676 dedit.
1331 611 1397 675 Sed
1410 612 1500 680 Duc.

289 715 349 786 'ibi
364 725 518 808 lanquore
534 741 715 808 oppressus.
736 705 858 784 ioanni
871 721 990 784 Polono
1007 721 1075 806 ejus
1093 720 1196 804 fratri
1209 727 1240 783 et
1255 719 1419 804 Boynerio
1433 719 1500 802 filio

303 831 456 896 commisit
467 831 588 902 stoicon,
606 837 637 894 et
655 829 793 894 Venetiae
805 831 909 894 rediit.
928 827 972 893 Hi
983 829 1169 916 nouiqootce
1183 829 1319 892 tamdem
1331 827 1502 892 Emonueii

305 939 404 1023 Corsi
417 937 574 1002 obsidenti
587 959 621 1001 ee
633 935 863 1020 obtulerunt').

393 1048 518 1110 Postero
542 1051 677 1128 tempore
693 1045 782 1126 hujus
799 1047 880 1128 pacti
896 1045 985 1108 tidem
1002 1044 1040 1107 ab
1056 1043 1230 1116 Emanueie,
1254 1043 1350 1126 pulsia
1368 1063 1386 1105 e
1403 1063 1499 1126 regno

302 1155 438 1232 Venetis,
456 1154 595 1218 violatam
611 1154 716 1226 tuisse,
735 1153 773 1216 od
788 1173 896 1216 annum
913 1154 1023 1218 domiai
1038 1154 1126 1217 1172
1143 1152 1212 1238 (Nr.
1227 1153 1306 1216 exn
1323 1152 1414 1233 hujus
1429 1151 1502 1217 cn-

302 1265 460 1350 ieotionis)
478 1264 601 1328 uberius
614 1267 791 1347 exponetur,
808 1262 860 1326 ubi
877 1265 939 1345 ipso
953 1261 1079 1326 ioannis
1091 1261 1227 1326 Cinnani
1244 1269 1275 1324 et
1290 1262 1407 1326 Nicetie
1420 1263 1500 1327 Aco-

301 1374 403 1438 minoti
419 1374 589 1438 testimonia
604 1373 642 1436 de
655 1372 787 1438 foederis
799 1371 933 1434 Alexiani
949 1391 1004 1454 per
1020 1371 1154 1434 secutum
1171 1369 1220 1432 xil
1237 1370 1306 1432 iotis
1323 1370 1499 1434 afferemus.

301 1483 401 1564 Quid?
426 1482 504 1566 quod
528 1480 666 1543 damnum
689 1478 812 1542 Venetis
835 1477 947 1542 illatum
973 1498 1069 1564 neque
1092 1478 1129 1540 ab
1152 1477 1330 1547 Emauucle.
1357 1497 1459 1562 neque
1484 1499 1500 1540 a

301 1587 530 1652 suecessoribus
548 1587 638 1670 plene
655 1608 780 1670 uinquam
799 1589 967 1649 restitutum
985 1587 1090 1655 fuisse.
1109 1591 1197 1668 pocta
1214 1585 1331 1658 isoncii,
1348 1585 1447 1647 nterii
1465 1585 1503 1648 111

302 1703 332 1759 et
348 1696 386 1758 lV
403 1697 476 1758 satis
494 1697 618 1769 docent;
643 1715 708 1780 quae
731 1695 810 1759 vide.
828 1733 872 1742 —
895 1697 985 1758 Annae
1010 1694 1170 1758 Comncnae
1194 1695 1232 1758 de
1255 1695 1383 1778 pristino
1406 1701 1501 1778 pacto

298 1805 390 1869 verba
408 1805 544 1868 dedimus
561 1823 629 1887 pag.
649 1801 691 1867 46
708 1823 773 1890 sqq.
791 1805 880 1886 hujus
897 1803 1056 1868 voluminis
1074 1803 1144 1890 (Nr.
1162 1801 1283 1888 xxiii).

389 1953 432 2023 Et
447 1953 561 2045 aliquis
577 1951 773 2023 firmioribus
789 1953 917 2046 quidem
934 1953 1059 2024 urbium
1076 1953 1237 2022 munimen
1252 1951 1369 2022 uolens
1389 1975 1502 2046 appo-

300 2101 378 2148 nere
389 2080 550 2148 secundas
566 2087 676 2149 turres
692 2079 904 2172 excogitauit,
922 2087 955 2148 et
969 2079 1161 2149 custodibus
1176 2077 1333 2148 custodes
1348 2085 1383 2147 et
1397 2081 1503 2148 muris

298 2227 411 2273 muros
420 2197 449 2294 ¹)
470 2203 640 2297 apposuit,
670 2211 704 2274 et
734 2203 997 2274 aduersariorum
1024 2203 1201 2274 assultibus
1223 2203 1379 2296 opposuit
1397 2203 1502 2272 torti-

298 2329 460 2410 tudinem3
482 2331 705 2400 verumetiam
723 2331 793 2400 auri
813 2331 975 2400 cumulum
995 2353 1130 2424 grauem
1149 2335 1287 2423 propter
1305 2327 1372 2398 hoc
1387 2329 1503 2423 depo-

297 2478 378 2525 nere
393 2479 457 2526 non
469 2456 591 2538 renuit,
613 2462 647 2526 et
665 2456 851 2526 firmitatem
865 2456 1062 2549 perfectioni
1076 2461 1206 2547 ternpus
1221 2463 1331 2524 terere
1346 2453 1502 2547 longius,

297 2579 425 2672 aliaque
444 2580 538 2675 plura
558 2581 599 2650 ad
618 2582 708 2651 urbis
728 2590 938 2674 augmentum
958 2583 1210 2672 firmitatemque
1230 2587 1328 2671 atque
1348 2581 1501 2651 circum-

296 2707 479 2778 tuitionem.

385 2833 455 2904 Nos
471 2857 565 2916 uero,
585 2843 620 2903 et
634 2835 832 2927 imperialem
846 2857 919 2904 cum
934 2833 1005 2902 Deo
1021 2833 1242 2902 circumcincti
1263 2832 1500 2925 principatum,

296 2967 329 3028 et
346 2965 545 3052 potestatem
572 2967 606 3030 et
634 2961 789 3030 uirtutem
815 2958 974 3030 habentes
998 2959 1276 3052 pecuniarumque
1301 2958 1501 3044 thesauros,

294 3084 348 3154 ubi
368 3085 499 3156 uidetur
518 3094 553 3156 et
572 3111 655 3179 opus
675 3092 811 3168 euocat,
840 3086 965 3178 largius
984 3107 1092 3156 nonne
1111 3085 1304 3156 donabimus
1324 3087 1441 3156 amicis
1463 3095 1510 3158 et·

294 3210 399 3280 seruis
414 3217 449 3280 ct
462 3211 611 3282 fidelibus
626 3217 660 3281 et
674 3211 791 3305 gratis,
812 3233 1031 3304 sermoneque
1046 3233 1230 3280 sermonem
1245 3209 1499 3297 affirmabimus,

294 3343 328 3405 et
347 3359 474 3406 manum
495 3337 640 3408 dabimus
659 3337 844 3407 ministrare
864 3337 950 3430 stylo
971 3339 1011 3406 ad
1031 3335 1126 3407 huius
1146 3337 1344 3422 firmitatem,
1364 3345 1400 3406 et
1418 3339 1501 3409 ual-

292 3461 358 3531 lum
379 3462 756 3557 uallosuperponemus,
780 3471 814 3533 ut
830 3463 905 3532 olim
920 3485 1110 3556 possessum
1127 3463 1174 3533 eis
1190 3463 1352 3533 munimen
1367 3487 1501 3558 supcr-

292 3590 471 3658 muniamus
503 3599 602 3680 atque
631 3587 822 3658 firmemus?
859 3587 903 3658 Et
930 3589 984 3659 ubi
1012 3589 1077 3659 hoo
1106 3590 1284 3682 Imperialis
1312 3591 1433 3660 mentis
1461 3603 1501 3662 et

293 3712 495 3784 uoluntatis?
532 3713 605 3784 Non
634 3715 737 3808 igitur
766 3716 814 3783 eis
842 3715 928 3784 ostia
956 3714 1200 3798 obserahimus‚
1229 3737 1291 3785 nee
1317 3711 1500 3808 auditus²)

316 3939 345 4012 ⁸)
365 3941 532 3994 Muratori
545 3942 562 3994 Ι.
574 3959 631 4012 c-p.
640 3942 709 3995 283:
724 3941 767 4007 „in
781 3941 840 3994 cod.
851 3940 972 3994 imbros.
986 3942 1103 4010 margine
1116 3941 1172 3994 haec
1183 3941 1329 3996 adduntur:
1345 3941 1381 3995 In
1392 3943 1500 4016 primo

363 4029 435 4084 libro
444 4035 593 4103 pectorum
604 4035 683 4086 extat
693 4029 874 4104 privileyiam
884 4031 1029 4086 Monueiie
1038 4031 1232 4104 imperatoris,
1244 4031 1355 4106 foetam
1367 4032 1500 4100 Venetia,

363 4119 394 4172 in
413 4136 467 4191 quo
486 4120 635 4191 confirmat
648 4119 801 4192 priuilegio
817 4119 912 4193 poti-te
925 4121 1065 4175 Jotannie
1076 4125 1103 4176 et
1120 4123 1170 4176 ovi
1181 4121 1284 4184 Alea-ii,
1304 4127 1330 4177 et
1348 4121 1392 4177 eie
1409 4127 1501 4183 ocidit

364 4210 502 4264 nonnullo
515 4227 590 4264 anno
611 4211 645 4264 ob
665 4211 733 4265 orte
746 4231 769 4265 c.
784 4209 882 4272 6656,
900 4211 976 4283 qood
987 4211 1140 4285 respondet
1151 4229 1227 4268 anno
1239 4231 1258 4266 o
1274 4211 1384 4270 corion·
1395 4219 1501 4275 natali

366 4299 463 4362 1149,
473 4300 570 4356 indict.
581 4301 634 4364 xl,
643 4303 746 4356 menois
758 4302 911 4357 Octotrio“.
925 4301 980 4356 cn.
991 4303 1157 4358 LebretT.
1167 4306 1187 4368 1,
1196 4323 1224 4376 p.
1234 4307 1287 4360 315
1297 4323 1339 4377 eq.
1353 4307 1469 4366 Letoa
1479 4331 1500 4368 u

364 4389 472 4444 histoire
486 4389 522 4444 du
534 4392 696 4464 bas-ernpire
710 4393 751 4446 ed.
766 4391 814 4446 st.
828 4392 949 4446 Martie
961 4393 993 4446 Τ.
1008 4395 1070 4456 ivl,
1083 4412 1110 4465 p.
1126 4395 1177 4450 no
1189 4412 1230 4465 sq.

317 4495 343 4570 ¹)
363 4515 453 4554 meos
472 4497 524 4553 LA.
886 4498 891 4572 Ι
940 4497 971 4572 ⁸)
985 4502 1037 4572 leg.
1051 4500 1183 4558 aditus?
