3130 5078
263 381 340 454 504
569 394 709 448 Rannurru
725 393 823 448 lurra.
838 411 931 450 rvrsr.
945 411 983 448 ao
997 395 1092 450 lunoo.
1104 395 1146 450 111.

262 569 409 634 sanctam
428 563 584 657 Sophiam
604 562 789 658 imperiales
809 565 927 636 infulas
947 566 1076 636 noviter
1094 571 1280 657 usurparat,
1299 565 1459 636 traditum

261 691 321 761 sibi
342 689 557 770 Graecorum,
583 690 730 782 quicum
751 697 956 773 creaverant,
983 691 1182 784 proditione,
1207 713 1325 762 rursus
1345 693 1459 762 incar·

260 821 363 896 cerat,
379 821 575 909 mortuoque
584 815 795 910 postmodum
809 816 949 899 lsacbio,
970 819 1024 910 qui
1040 819 1180 887 animum
1191 816 1246 887 tilii
1260 817 1311 888 sui
1326 841 1346 887 a
1362 817 1459 887 uobis

260 965 342 1035 prae
362 941 524 1025 omnibus,
545 947 581 1012 ut
600 942 782 1023 dicebatur,
811 949 986 1026 averterat,
1015 943 1217 1014 acclamante
1236 942 1329 1013 clero
1349 943 1460 1013 Grac-

262 1090 377 1140 corum
397 1073 431 1138 et
449 1067 585 1162 populo,
606 1074 642 1139 ut
661 1067 702 1138 de
720 1075 811 1138 terra
829 1067 1032 1152 tolleremur,
1053 1071 1085 1140 in
1104 1068 1208 1152 brevi,
1232 1075 1360 1139 tantum
1379 1091 1460 1138 san-

261 1197 395 1289 guinem
415 1200 565 1264 nostrum
584 1194 770 1264 sitientibus
788 1197 938 1279 Graccis,
957 1194 1082 1288 praelia
1096 1201 1213 1266 contra
1227 1217 1290 1265 uos
1304 1195 1462 1288 proditor

257 1321 326 1412 jam
350 1319 457 1392 dictus
476 1321 653 1400 instaurat,
678 1320 793 1390 urbem
818 1320 975 1392 machinis
1002 1328 1036 1392 et
1060 1319 1317 1414 propugnaculis
1343 1321 1461 1403 munit,

262 1469 401 1540 qnorum
416 1445 529 1516 similia
543 1467 639 1516 nemo
656 1445 774 1516 viderit
788 1445 989 1538 [uiderott]
1002 1469 1153 1540 unquam.
1175 1447 1323 1539 Cumque
1344 1469 1460 1516 murus

264 1573 365 1642 mirae
388 1567 586 1656 latiturbnis,
611 1570 772 1666 lapidibus
797 1572 930 1642 minutis
949 1579 1190 1666 coementoque
1213 1571 1406 1643 tenacitatis
1424 1577 1462 1642 et

262 1697 423 1768 firmitatis
438 1697 590 1790 antiquae
604 1703 831 1780 constructus,
850 1698 884 1768 in
898 1698 999 1770 altum
1013 1698 1109 1770 valde
1123 1719 1332 1790 consurgens
1347 1704 1460 1768 turres

263 1822 401 1894 haberet
420 1822 653 1914 amplissimas,
678 1822 816 1916 pedibus
836 1823 969 1896 circiter
989 1823 1244 1918 quinquagenis,
1266 1823 1367 1916 paulo
1385 1823 1461 1917 plus

265 1949 424 2033 minusve,
440 1949 617 2030 distantes;
633 1949 720 2018 inter
729 1949 891 2042 quaslibet
906 1950 988 2022 duas
998 1973 1017 2022 a
1027 1957 1123 2043 parte
1138 1949 1247 2032 maris,
1263 1973 1329 2042 quo
1346 1956 1463 2020 noster

262 2073 439 2146 timebatur
458 2074 617 2157 assaltus,
643 2075 744 2146 turris
763 2075 875 2169 lignea
894 2075 1033 2168 erigitur
1051 2097 1152 2170 super
1169 2095 1311 2158 murum,
1338 2077 1460 2146 statio-

264 2201 360 2273 nibus
378 2200 482 2270 tribus
501 2205 558 2270 aut
576 2205 718 2291 quatuor
736 2201 974 2272 multitudinem
988 2200 1232 2273 contineutibus
1246 2209 1459 2272 armatorum.

266 2325 480 2398 Nihilominus
508 2325 606 2396 etiam
630 2326 717 2396 inter
736 2326 899 2418 quaslibet
918 2325 999 2400 duas
1025 2334 1135 2398 turres
1154 2349 1214 2398 seu
1233 2328 1378 2420 petraria
1398 2349 1459 2398 sen

263 2451 492 2545 mangonellus
519 2451 669 2544 erigitur.
706 2451 867 2524 Turribus
894 2459 1003 2524 autem
1028 2454 1302 2546 supereriguntur
1326 2453 1460 2546 ligneae

263 2587 372 2652 turres
398 2577 574 2649 altissimae
599 2577 776 2650 stationum
796 2603 869 2663 sex,
895 2601 1062 2674 superque
1081 2601 1265 2672 supremam
1284 2579 1462 2652 stationem

265 2707 422 2781 adversus
441 2727 503 2775 nos
522 2704 738 2797 porriguntur
751 2705 872 2789 scalae,
888 2705 1138 2800 appodiationes
1153 2729 1192 2775 er
1206 2711 1348 2797 utraque
1366 2712 1462 2798 parte

270 2841 303 2905 et
330 2831 579 2926 propugnacula
605 2831 831 2914 continentes,
868 2831 967 2925 paulo
997 2833 1103 2903 minus
1132 2829 1269 2902 excelsis
1298 2831 1463 2902 scalenum

265 2957 445 3052 capitibus,
475 2979 570 3048 quam
598 2955 824 3050 [quantumt]
845 2958 963 3050 jacere
991 2958 1022 3026 in
1051 2958 1151 3028 altum
1174 2963 1291 3050 posset
1315 2979 1462 3030 arcusa

264 3089 367 3154 terra.
396 3083 521 3152 blurum
535 3084 632 3153 etiam
651 3083 756 3175 ipsum
774 3107 886 3154 murus
912 3084 1141 3177 circumcingit
1165 3082 1302 3152 interior
1320 3084 1462 3177 duplex-

266 3235 329 3304 que
343 3211 516 3293 tossatum,
536 3230 579 3278 ue
591 3208 691 3278 muria
705 3207 770 3280 ulla
784 3210 940 3304 applicari
954 3215 1093 3304 possent
1107 3210 1250 3302 ingenia,
1265 3208 1326 3279 sub
1343 3209 1464 3302 quibus

266 3337 413 3408 valerent
430 3335 559 3406 latitare
577 3334 737 3404 fossores.

358 3462 489 3532 Interim
508 3467 598 3532 terra
618 3460 762 3555 marique
781 3485 844 3532 nos
862 3465 1001 3556 temptat
1019 3459 1165 3555 perfidus
1185 3459 1382 3554 lmperator,
1402 3484 1463 3532 uos

269 3611 399 3680 semper
416 3587 556 3659 Domino
584 3594 785 3682 protegente
815 3594 849 3659 et
875 3611 955 3658 suos
983 3588 1163 3660 frustrante
1192 3592 1343 3658 conatus.
1380 3586 1464 3658 Nam

271 3719 405 3808 praeter
432 3713 670 3784 ordinationem
698 3719 845 3784 nostram
874 3714 917 3784 ad
943 3713 1100 3806 praedam
1127 3711 1313 3784 victualium
1346 3713 1464 3807 procul

269 3838 462 3910 exeuntibus
477 3840 610 3922 nostris,
626 3862 731 3932 usque
745 3840 788 3912 ad
802 3839 889 3912 mille
902 3840 1025 3912 animas
1044 3839 1210 3910 bominum
1228 3845 1464 3933 pugnatorum,

269 3966 452 4057 Imperator
477 3965 622 4038 occurrit
650 3966 682 4034 in
706 3965 912 4036 multitudine
938 3965 1048 4058 gravi,
1081 3965 1251 4058 primoque
1278 3987 1465 4058 congressu

270 4090 447 4184 dissipatur
475 4093 625 4176 omuino,
655 4091 761 4162 eaesis
789 4092 959 4186 captisque
988 4113 1054 4161 non
1080 4091 1212 4183 paucis,
1240 4089 1312 4160 siue
1343 4091 1464 4162 damno

269 4223 477 4300 nostrorum
513 4219 593 4311 luga
625 4217 844 4310 ignominiosa
878 4215 1053 4288 considens
1077 4215 1137 4286 sibi
1158 4215 1308 4308 elypeum
1336 4215 1464 4308 abjicit,

270 4367 359 4415 arma
378 4344 515 4436 deponit
534 4349 568 4415 et
586 4343 711 4414 uostris
730 4343 877 4414 vexillum
895 4341 1062 4436 imperiale
1081 4341 1223 4425 dimittit,
1243 4341 1464 4436 nobilemque,

271 4491 365 4564 quam
380 4469 440 4540 sibi
456 4470 616 4563 praeferri
630 4467 784 4552 iaciebat,
805 4470 943 4542 iconiam
965 4467 1003 4562 [i.
1016 4491 1045 4538 e.
1058 4465 1219 4560 monna}
1240 4491 1336 4559 quam
1356 4468 1465 4540 ordini

270 4595 482 4666 Cisterciensi
501 4596 607 4668 nostri
627 4595 822 4666 dedicavere
841 4596 995 4666 victores.
