3110 5080
236 317 315 389 410
584 329 1079 388 lrtuoonsrruslllOsuossxsrmrra.

237 523 311 571 cum
338 523 391 585 eo,
421 521 458 570 ex
484 505 579 594 parte
603 508 713 571 vestra
738 501 834 571 nobis
861 501 1025 574 humiliter
1050 503 1255 582 intimarunt;
1284 501 1339 593 qui
1365 499 1425 569 etsi

236 633 378 698 vestrum
399 627 485 722 apud
503 650 564 698 nos
585 629 791 700 extenuarint
811 653 991 715 excessum,
1018 629 1193 702 noluerunt
1211 635 1331 706 tamen,
1353 627 1425 719 quia

236 777 298 826 nec
317 759 483 848 poterant,
503 755 741 827 contumaciter
760 779 929 828 excusare.

327 881 542 953 Intelleximus
570 904 708 976 namque
735 907 797 976 per
825 907 901 965 eos,
930 884 1018 978 quod
1046 907 1113 954 non
1141 881 1265 954 inducti
1293 878 1427 974 propria

236 1007 423 1092 uoluntate,
450 1008 511 1080 sed
530 1010 621 1102 quasi
641 1009 780 1103 quadam
801 1014 1001 1083 necessitate
1019 1012 1127 1084 coacti
1144 1009 1188 1081 ad
1207 1007 1427 1103 expugnatio-

237 1157 310 1206 nem
328 1137 457 1208 Jaderae
481 1136 710 1231 processistis,
736 1137 815 1210 lieet
840 1137 904 1210 boc
922 1145 1022 1210 tantae
1040 1137 1242 1210 crudelitatis
1259 1134 1427 1208 audaciam

237 1285 304 1332 non
324 1269 474 1347 excuset,
499 1287 572 1336 oum
591 1263 623 1334 in
643 1265 826 1338 huiusmodi
852 1267 1052 1336 necessitate
1070 1263 1260 1336 induxeritis
1278 1267 1426 1332 vosmet-

235 1391 339 1483 ipsos,
364 1397 397 1462 et
425 1413 498 1462 cum
524 1391 641 1486 pellem
669 1415 731 1487 pro
759 1392 845 1487 pelle
874 1415 913 1465 ac
940 1399 1070 1478 cuncta
1097 1413 1171 1486 quse
1191 1389 1292 1462 babet
1315 1388 1425 1472 bomo,

238 1515 359 1588 debeat
378 1516 457 1588 dare
477 1541 539 1613 pro
558 1520 664 1590 anima
684 1542 754 1591 sua.

327 1644 371 1716 Ut
398 1645 500 1739 igitur
527 1647 651 1719 crimen
678 1653 823 1720 restrum
849 1649 980 1743 penitus
1007 1652 1227 1742 expurgetur,
1256 1666 1428 1715 monemus

238 1771 481 1842 universitatem
494 1779 688 1868 vestr-amet
705 1772 916 1846 exhortamur
929 1774 1095 1854 attentius,
1116 1779 1150 1843 et
1168 1793 1228 1865 per
1245 1769 1428 1864 apostolica

236 1897 328 1968 vobis
342 1899 465 1992 scripta
478 1899 626 1972 districte
640 1901 860 1996 precipiendo
876 1901 1075 1984 mandimus,
1092 1906 1264 1994 quatenus,
1279 1898 1322 1968 de
1331 1903 1427 1968 tanto

237 2029 445 2118 poenitentes
473 2049 610 2100 excessu
636 2035 670 2100 et
693 2029 931 2101 satisfacientes
956 2051 1104 2122 congrue
1123 2026 1165 2097 de
1182 2031 1341 2120 peccato,
1367 2047 1429 2117 per

236 2151 468 2247 poenitentiam
485 2153 617 2248 placare
636 2155 808 2227 Dominum
834 2163 868 2228 et
891 2179 953 2250 per
970 2131 1228 2227 satisfactionem
1245 2151 1427 2246 proximum

238 2278 420 2365 studeatis,
453 2282 604 2352 universa
631 2281 831 2368 reddentes,
865 2305 937 2378 que
965 2283 1007 2354 ad
1035 2303 1094 2353 vos
1118 2281 1160 2351 de
1181 2279 1427 2352 Jadertinorum
1554 2292 1555 2329 ³

238 2405 351 2500 spoliis
370 2407 584 2492 devenerunt,
605 2415 638 2480 et
657 2409 846 2480 asimilibus
866 2411 908 2480 de
927 2410 1047 2482 ceteris
1063 2409 1192 2502 penitus
1210 2406 1427 2478 abstinentes.

329 2533 413 2620 Quia
441 2557 519 2606 vero
548 2537 742 2607 sententiam
771 2535 867 2608 Sedis
899 2535 1107 2632 apostolice,
1137 2556 1233 2628 quam
1252 2555 1313 2626 pro
1333 2533 1427 2604 facto
1545 2522 1551 2539 ¹

237 2661 373 2752 proprio
402 2660 602 2746 incurristis,
627 2669 749 2756 prater
772 2665 1002 2737 auctoritatem
1028 2667 1175 2734 nostram
1200 2659 1307 2730 nullus
1325 2659 1431 2731 valuit

238 2785 404 2871 relaxare,
432 2809 505 2860 cum
525 2789 703 2862 inauditnm
722 2792 765 2862 sit
788 2790 963 2875 hactenus,
992 2797 1028 2862 ut
1047 2790 1215 2884 quisquam
1235 2809 1313 2872 eos,
1341 2809 1428 2880 quos

237 2913 387 2986 Ecclesia
407 2917 553 2988 Romana
577 2917 731 3011 ligasset,
756 2917 926 2990 absolvere
945 2922 1140 3000 attentaret,
1166 2915 1227 2985 nisi
1251 2913 1366 2985 forsan
1394 2913 1431 2984 in

131 3027 135 3036 ’
238 3041 354 3111 mortis
391 3042 530 3114 articulo
568 3045 788 3130 constitutos,
829 3045 915 3116 sicut
952 3046 1023 3140 ipsa
1059 3041 1240 3138 permittit,
1283 3039 1430 3135 ideoque

237 3165 399 3239 absolutio
429 3167 481 3242 illa
508 3167 594 3241 nulla
623 3171 742 3257 fuerit,
781 3189 876 3264 quam
904 3170 996 3242 vobis
1025 3167 1242 3241 exbibuerunt
1270 3167 1431 3262 Episcopi

237 3293 405 3365 vobiscum
425 3295 456 3366 in
476 3297 621 3368 exercitu
641 3299 822 3381 constituti,
843 3297 965 3369 dilecto
985 3297 1064 3378 filio,
1082 3299 1196 3380 Petro,
1216 3293 1301 3367 tituli
1320 3296 1431 3366 saneti

238 3420 382 3492 Marcelli
405 3421 605 3519 Presbytero
625 3423 807 3506 Cardinali,
834 3423 1023 3518 apostolicae
1042 3423 1137 3494 Sedis
1156 3423 1304 3516 Legata,
1331 3421 1431 3492 dedi-

239 3570 310 3618 mus
328 3549 361 3619 in
381 3551 553 3633 mandatis,
578 3558 614 3624 ut
632 3551 682 3623 rel
701 3575 760 3645 per
778 3575 827 3634 se,
855 3547 906 3621 vel
931 3573 992 3646 per
1012 3549 1105 3622 alium
1125 3551 1227 3620 virum
1247 3548 1433 3620 discretum

239 3675 278 3744 ab
294 3676 355 3759 eis,
370 3676 424 3770 qui
437 3678 578 3749 nondum
598 3679 786 3750 iuraverunt
805 3679 926 3750 nostris
945 3685 1034 3750 stare
1053 3675 1224 3762 mandatis,
1243 3675 1435 3747 huiusmodi

241 3803 373 3896 exigant
392 3811 426 3874 et
444 3807 603 3901 recipiant
622 3807 853 3889 iuramentum,
884 3828 902 3875 a
921 3805 1033 3876 iuratis
1053 3809 1159 3874 autem
1180 3809 1374 3897 exposcant,
1393 3812 1436 3872 ut

106 3961 109 3968 ’
241 3953 278 3999 se
297 3929 422 4002 iurasse
441 3933 552 4004 taliter
569 3935 602 4004 in
621 3957 736 4005 eorum
754 3933 930 4028 presentia
949 3935 1205 4025 recognoscant,
1226 3937 1260 4000 et
1273 3931 1323 4001 sie
1336 3929 1435 4000 uobis

242 4058 439 4129 auctoritate
464 4065 578 4130 nostra
602 4059 724 4134 suffulti
747 4061 835 4131 iuxta
859 4059 997 4132 formam
1012 4055 1172 4129 Ecclesia
1191 4079 1309 4127 munus
1328 4057 1435 4128 abso-

239 4180 372 4256 lutionis
390 4185 586 4280 impendant.
913 4276 915 4280 ¹
1078 4167 1094 4193 ²

331 4311 459 4384 Deinde
483 4313 573 4386 salvo
599 4315 632 4386 in
656 4315 725 4385 aliis
753 4315 905 4386 mandato
932 4318 1047 4384 nostro
1069 4309 1161 4381 vobis
1181 4311 1353 4402 iniungant
1371 4311 1438 4381 sub

242 4438 355 4510 debito
373 4440 556 4527 iuramenti,
576 4449 612 4513 ut
627 4466 697 4527 ros,
718 4441 862 4514 Comites
878 4449 912 4512 et
924 4441 1085 4522 Berones,
1105 4459 1165 4533 per
1178 4436 1292 4507 literas
1307 4443 1442 4508 vestras

242 4575 374 4664 apertas
405 4591 478 4638 cum
508 4569 622 4664 sigillis
644 4567 863 4664 pendentibus
891 4575 956 4639 tam
985 4589 1062 4650 vos,
1092 4586 1185 4659 quam
1214 4587 1441 4638 successores
