3130 5078
414 374 554 429 Rsnnouu
567 375 665 428 luens.
679 389 769 428 erran.
783 389 822 426 su
833 373 931 426 innoc.
946 371 988 426 lll.
1218 359 1294 434 505

195 543 318 614 Iterato
338 545 500 638 navigium
519 551 667 614 nestrum
686 545 821 616 flammis
835 544 1041 640 aggreditur,
1061 546 1297 638 intempestae-

105 693 171 762 que
191 671 297 740 noctis
316 671 444 742 silentio
471 669 615 742 sedecim
635 695 710 742 suas
729 695 828 742 naves
847 673 1016 754 incensas,
1046 671 1125 744 velis
1145 671 1177 740 iu
1197 671 1296 741 altum

105 799 256 888 expansis
275 804 310 867 et
333 799 467 868 inferius
486 797 651 890 colligatis
670 797 712 866 ad
731 821 875 890 proram,
900 797 999 868 dante
1016 799 1148 868 fortiter
1167 802 1293 878 ausbo,

106 931 239 992 nemras
253 925 352 994 mittit
365 925 399 994 in
413 945 531 1006 naves;
551 923 611 993 sed
627 923 767 992 Domino
782 923 935 1006 faciente,
955 947 1028 995 cum
1043 923 1144 993 multo
1160 928 1298 992 nostm·

104 1071 178 1118 rum
196 1049 321 1130 labore,
341 1051 545 1121 custodimur
562 1050 749 1132 indemnes,
775 1057 809 1120 et
826 1050 1019 1121 ardentibus
1046 1049 1180 1120 naribus
1200 1049 1298 1119 clavis

103 1175 209 1246 inlinis
239 1177 387 1248 catbenis
415 1176 645 1258 haerentibus,
674 1183 865 1246 nostrorum
892 1177 1033 1270 remigio
1061 1175 1237 1247 trabuntur
1265 1175 1298 1245 iu

105 1302 273 1397 pelagum,
288 1310 322 1374 et
335 1305 375 1374 ab
389 1304 622 1396 imminenti(s)
637 1303 751 1373 mortis
766 1304 913 1397 periculo
926 1327 944 1374 a
955 1303 1095 1374 Domino
1110 1303 1297 1373 liberamur.

197 1430 269 1501 Nos
295 1431 397 1524 igitur
423 1437 617 1503 terrestrem
646 1453 720 1501 eum
748 1453 966 1524 provocamus
994 1431 1036 1500 ad
1067 1453 1231 1524 pugnam,
1266 1435 1300 1499 et

105 1563 209 1651 ponte
228 1564 327 1652 atque
345 1581 440 1628 amne
457 1559 664 1640 transmisso,
685 1557 738 1648 qui
758 1558 937 1627 exercitum
956 1561 1104 1627 nostrum
1123 1555 1301 1649 separabat

106 1683 290 1768 aGraecis,
311 1686 423 1756 cuneis
438 1684 595 1756 ordinatis
614 1689 691 1754 ante
709 1689 838 1777 portam
858 1684 912 1754 diu
926 1686 1074 1754 stetimus
1089 1685 1202 1777 regiae
1218 1683 1301 1753 ciri-

105 1810 185 1880 tatis
204 1817 238 1880 et
260 1810 369 1904 palatii
388 1809 576 1904 imperialis,
600 1809 687 1903 quod
710 1809 872 1880 Blalrerna
890 1817 1108 1903 nuncupatur,
1123 1811 1156 1879 in
1171 1809 1301 1878 nomine

107 1935 257 2020 Domini,
286 1939 414 2028 agmina
438 1937 539 2007 lsrael
571 1935 792 2030 praecedente
822 1959 922 2007 cruce
951 1937 1092 2020 vivifica,
1126 1937 1230 2030 parati
1259 1935 1301 2005 ad

106 2063 266 2158 praelium
286 2066 435 2134 Graecos
462 2063 634 2156 excipere,
663 2063 690 2130 si
711 2062 757 2130 eis
777 2061 955 2154 placuisset
983 2063 1089 2145 erire3
1119 2061 1300 2157 etquidem

107 2210 169 2281 pro
189 2187 321 2258 militiae
341 2189 497 2258 exercitio
512 2193 684 2258 exeuntem
698 2187 839 2257 nobilem
860 2187 1029 2281 quemdam
1048 2189 1153 2259 nostri
1171 2189 1300 2282 pedites

105 2312 323 2386 arduarum.
352 2313 409 2384 Sic
428 2314 460 2382 in
480 2319 589 2384 castra
607 2314 730 2384 reversi
750 2318 841 2384 terra
860 2314 1007 2407 marique
1025 2315 1156 2408 saepius
1176 2337 1301 2408 provo·

107 2463 235 2520 camum
260 2439 320 2510 sed
345 2440 443 2511 dante
461 2439 599 2511 Domino
625 2461 756 2532 semper
780 2463 820 2510 ac
845 2439 1085 2532 triumphaliter
1103 2441 1300 2511 obtinemus.

196 2567 294 2637 blittit
307 2565 348 2636 ad
364 2589 425 2636 nos
439 2566 530 2659 pacis
544 2567 641 2636 lictae
653 2564 784 2658 legatos
803 2567 948 2660 pertidus
967 2567 1141 2638 incubator
1159 2567 1302 2662 lmperii,

106 2693 255 2788 postulat
273 2700 306 2765 et
330 2694 456 2764 obtinet
479 2716 553 2764 cum
571 2693 664 2764 Duce
689 2692 899 2786 colloquium.
929 2695 1075 2788 Cumque
1102 2695 1207 2767 eidem
1230 2695 1303 2765 Dux

107 2819 333 2912 magnanimus
361 2818 559 2912 objecisset,
584 2819 672 2912 quod
699 2819 785 2889 nulla
813 2843 886 2890 cum
912 2844 953 2891 eo
976 2821 1068 2914 pacis
1093 2826 1208 2915 posset
1229 2844 1303 2892 esse

106 2947 288 3028 securitas,
316 2946 370 3038 qui
390 2945 555 3016 dominum
581 2968 676 3015 suum
695 2967 832 3016 earcere
852 2947 1091 3031 conclusisset,
1117 2949 1302 3042 postposita

104 3070 294 3164 jusjurandi
313 3071 475 3164 religione
496 3079 529 3140 et
548 3071 622 3142 lidei
642 3094 683 3141 ac
700 3071 847 3140 foederis
866 3072 953 3142 inter
972 3072 1209 3164 quantumlibet
1228 3075 1302 3144 inli-

109 3197 202 3268 deles
233 3197 370 3268 tirmiter
401 3197 581 3268 obtinentis
619 3197 872 3290 [obtinenditfi
906 3205 940 3269 et
972 3199 1033 3292 ipsi
1066 3200 1304 3292 praeripuisset

109 3323 299 3416 Imperium,
329 3325 500 3416 eidemque
525 3323 614 3394 bona
639 3323 829 3394 consuleret
854 3323 935 3408 lide,
963 3331 1000 3395 ut
1018 3324 1183 3394 dominum
1208 3347 1302 3394 suum

108 3451 304 3520 restitueret
324 3456 357 3520 et
375 3449 540 3520 humiliter
558 3450 681 3520 reniam
700 3449 894 3542 postularet,
915 3455 1046 3520 nostras
1067 3451 1164 3520 etiam
1183 3473 1244 3544 pro
1266 3474 1303 3520 se

107 3576 320 3669 promitteret
336 3599 467 3669 preces,
488 3581 521 3646 et
541 3575 630 3668 quod
650 3599 724 3646 eum
744 3575 861 3645 eodem
881 3575 1013 3647 domino
1033 3599 1093 3646 suo
1113 3576 1303 3646 misericor-

109 3702 208 3784 diter,
228 3702 255 3771 si
269 3701 379 3786 vellet,
399 3726 502 3795 agere
522 3701 730 3786 deberemus,
751 3725 790 3771 ac
804 3702 957 3794 quicquid
977 3708 1093 3773 contm
1108 3725 1170 3772 nos
1185 3709 1304 3796 egerat

111 3849 297 3909 venenose,
317 3828 344 3896 si
363 3827 488 3897 rediret
506 3827 547 3898 ad
567 3827 725 3910 animum,
752 3827 912 3920 imputare
931 3827 1086 3897 vellemus
1106 3831 1206 3899 aetati
1230 3829 1303 3921 lap·

108 3953 202 4023 suive
220 3951 358 4034 consilii,
378 3951 431 4022 ille
446 3975 526 4022 vana
544 3953 644 4022 verba
663 3953 845 4034 subintulit,
866 3954 952 4044 quia,
973 3976 1056 4044 quae
1070 3955 1301 4046 responderet,

107 4075 348 4148 rationabiliter
366 4099 433 4146 non
451 4076 600 4147 baberet.
630 4077 856 4146 Obedientiam
876 4083 982 4147 autem
998 4077 1165 4147 Romanae
1179 4077 1302 4148 Eccle-

108 4205 178 4275 siae
192 4209 226 4272 et
245 4201 491 4274 subventionem
505 4205 629 4274 Terrae
643 4209 790 4287 sanctae,
810 4225 906 4296 quam
921 4203 1111 4295 juramento
1128 4211 1161 4273 et
1175 4205 1302 4297 scripto

108 4329 271 4424 lmperiali
297 4331 443 4400 firmarat
477 4307 628 4414 Alexiub,
657 4330 740 4400 adeo
770 4330 940 4412 refutavit,
973 4336 1011 4398 ut
1036 4329 1133 4400 vitam
1152 4333 1303 4400 amittere
1409 4420 1411 4426 Ι

109 4455 333 4552 praeeligeret
351 4456 588 4551 Graeciamque
606 4457 767 4539 subverti,
795 4479 890 4550 quam
909 4455 999 4548 quod
1019 4455 1143 4526 Latinis
1163 4435 1303 4526 Pontili-

111 4585 203 4656 eibus
223 4583 391 4654 orientalis
409 4583 560 4656 Ecclesia
578 4585 787 4656 subderetur.
