3110 5076
294 296 369 368 200
667 301 905 360 Cunusenunnruu
919 303 1026 360 lsnscu
1039 304 1098 358 1111.

294 485 328 549 et
351 476 586 549 defendendum
610 499 681 548 eam
706 499 780 548 eum
804 476 908 569 galeis
933 475 1114 570 quindecim
1141 476 1226 546 bona
1245 474 1321 546 lide.
1351 474 1474 544 Verun-

293 613 401 678 tamen
421 607 461 678 de
481 607 585 701 galeis
612 611 646 676 et
669 627 754 699 rege
773 604 872 677 debet
895 604 983 688 fieri,
1008 604 1186 676 secundum
1210 603 1298 698 qued
1325 603 1475 698 superius

296 734 497 806 dictumest.
927 821 929 832 Ι

385 862 501 945 Item,
531 861 557 930 si
586 860 756 955 Imperium
776 882 889 931 eorum
908 859 1050 930 uoluerit
1068 858 1215 930 hemines
1243 863 1299 929 eut
1325 857 1479 928 uestierie

294 989 461 1061 Venetiam
480 990 609 1060 mittere
628 989 734 1082 gretie
752 986 957 1058 conducendi
977 987 1092 1058 milites
1111 1011 1129 1058 a
1148 985 1344 1058 bombardia
1364 985 1418 1056 uel
1438 985 1479 1056 ab

297 1117 470 1196 allatura,
491 1102 525 1186 et
539 1114 744 1209 dispensandi
760 1137 810 1197 ea,
831 1138 894 1208 que
910 1115 950 1185 ad
969 1112 1127 1186 honorem
1145 1121 1179 1186 et
1197 1113 1369 1186 utilitatem
1387 1119 1480 1184 terre

296 1251 445 1337 spectent
468 1241 667 1315 celsitudinis
690 1265 823 1326 eorum,
848 1240 937 1312 licite
964 1242 1064 1312 saciet
1090 1241 1173 1326 bne,
1199 1243 1227 1312 si
1252 1241 1316 1333 bec
1341 1247 1482 1312 nonest

297 1377 411 1442 eontra
436 1370 613 1440 Venetiam.
648 1371 801 1440 Homines
828 1375 935 1440 eutem
959 1369 1095 1442 Venetis
1122 1369 1242 1441 debent
1269 1367 1419 1440 homines
1448 1374 1483 1440 et

297 1497 449 1568 uestiarie
472 1496 676 1568 sublimitatis
704 1519 817 1566 eorum
841 1497 990 1590 recipere
1015 1503 1050 1568 et
1069 1497 1247 1568 defendere
1271 1503 1306 1568 et
1330 1497 1482 1568 hemines

298 1629 331 1694 et
350 1624 539 1717 peccuniam
557 1623 598 1692 eb
613 1623 760 1694 omnibus
779 1623 925 1694 inimicis.
946 1622 1163 1695 Veruntamen
1177 1624 1349 1718 imperium
1365 1647 1482 1694 eorum

298 1773 363 1820 non
384 1750 481 1820 debet
495 1749 629 1821 Venetia
644 1747 788 1820 educere
802 1750 921 1820 stolum
936 1751 989 1820 uel
1008 1751 1183 1822 exereitum
1197 1757 1312 1824 contre
1327 1751 1483 1846 aliquem,

299 1900 370 1948 cum
391 1901 455 1970 que
476 1877 619 1948 Venetici
628 1867 657 1968 ¹)
677 1875 819 1948 babeant
839 1878 989 1948 unionem
1009 1885 1043 1948 et
1061 1900 1216 1950 amorem.

390 2007 504 2086 item,
521 2007 548 2075 si
559 2007 771 2100 Imperatoria
785 2005 946 2078 celsitudo
961 2006 1103 2078 uoluerit
1117 2008 1233 2079 milites
1248 2007 1279 2078 in
1294 2005 1486 2076 Romaniam

298 2131 511 2202 transducere
529 2153 590 2224 per
609 2131 791 2215 Venetiam,
816 2130 903 2202 licite
922 2132 1021 2202 saciet
1040 2139 1073 2204 et
1096 2131 1178 2215 boc,
1205 2135 1264 2206 nisi
1290 2133 1351 2228 ipsi
1377 2131 1484 2203 mani-

297 2258 372 2328 festi
396 2257 513 2328 inimici
533 2256 667 2328 Venetia
692 2257 826 2340 suerint,
853 2267 908 2328 aut
926 2258 1059 2330 Venetia
1083 2261 1236 2353 impedita
1258 2261 1370 2331 luerit.
1400 2259 1486 2330 Nem

297 2390 464 2454 transacto
484 2384 709 2476 impedimento
729 2384 840 2456 licebit
854 2385 902 2456 eis
915 2389 1068 2472 transire,
1089 2389 1159 2459 siue
1178 2389 1239 2460 seli
1258 2389 1392 2471 luerint,
1413 2387 1486 2458 sine

300 2534 374 2581 cum
405 2511 545 2604 familijs.
588 2511 678 2580 Talia
710 2512 810 2604 igitur
843 2515 975 2584 seruitia
1008 2514 1129 2586 debent
1161 2515 1306 2587 Venetici
1340 2515 1484 2608 lmperie

301 2659 414 2706 eorum
433 2645 466 2707 et
485 2638 640 2707 Remenie
659 2637 781 2722 faeere,
802 2637 862 2708 nisi
882 2638 922 2709 ab
942 2639 1048 2732 alique
1068 2647 1299 2714 coronatarum
1318 2663 1484 2736 persena-

301 2787 389 2846 rum,
415 2763 467 2834 uel
487 2785 674 2856 magnarum
699 2768 860 2834 terrerum
885 2765 1085 2838 manifestem
1110 2768 1305 2839 inimicitiam
1329 2766 1485 2850 habeant,

200 2908 206 2915 ·
303 2890 397 2972 adeo,
419 2889 506 2984 qued
524 2891 585 2983 ipsi
605 2890 772 2962 seruitium
791 2891 902 2962 lacere
921 2900 1095 2986 nequeant,
1121 2896 1191 2966 sine
1210 2894 1326 2966 lreude
1344 2901 1380 2964 et
1396 2891 1484 2964 melu

303 3019 445 3114 ingenie.

394 3145 488 3216 ltem
502 3145 611 3216 Duces
623 3145 768 3229 Venetis,
785 3147 839 3239 qui
852 3170 913 3241 per
927 3156 1076 3243 tempora
1090 3157 1197 3233 erunt,
1212 3150 1376 3234 iurabant,
1396 3149 1486 3242 quod

303 3273 441 3366 lmperio
469 3274 538 3342 eius
564 3277 598 3340 et
622 3271 797 3344 heredibus
824 3274 893 3344 eius
918 3276 1068 3346 masculis
1095 3282 1128 3348 et
1159 3275 1345 3348 mulieribus
1354 3271 1404 3368 ²),
1433 3276 1487 3369 qui

304 3405 337 3468 et
357 3420 419 3490 que
439 3397 653 3492 imperabunt,
673 3399 727 3468 uel
745 3397 820 3492 hijs,
840 3401 894 3493 qui
910 3424 947 3471 ex
960 3407 1119 3495 precepto
1139 3426 1252 3472 corum
1271 3403 1485 3497 imperabunt,

304 3522 517 3594 fidelitatem.
539 3575 547 3592 .
569 3577 577 3594 .
599 3522 765 3596 debebunt
774 3517 805 3616 1)
825 3525 977 3611 venetie,
1006 3528 1184 3600 secundum
1203 3528 1293 3624 quod
1311 3551 1398 3600 nnnc
1416 3528 1488 3598 Dux

304 3649 448 3732 venetie,
465 3648 596 3744 ¹Aureus
615 3651 772 3744 Magistro
792 3653 907 3723 Petrus
914 3643 960 3745 1),
979 3655 1107 3726 iurauit.

393 3780 566 3850 Debitores
586 3781 655 3851 fisci
675 3789 708 3854 et
725 3783 922 3853 Romeorum
939 3784 1078 3856 reddent
1097 3787 1216 3869 emnia,
1236 3809 1299 3879 que
1318 3809 1357 3856 ex
1376 3785 1486 3857 debite

306 3904 434 3976 debent.
464 3905 508 3976 Et
526 3907 553 3974 si
572 3905 700 3978 debitor
718 3931 783 3978 nen
808 3909 924 3994 habet,
949 3911 1033 3982 vnde
1059 3911 1201 3984 debitum
1226 3912 1361 3996 reddat,
1390 3912 1489 3983 debet

331 4147 495 4292 ).¹lmpin
506 4151 569 4204 Ver
579 4155 620 4204 et.
641 4153 736 4206 e..mll
993 4159 1487 4229 coronatumsnluoeoquod,

334 4241 442 4311 ¹¹¹¹)
994 4268 1053 4320 per
1077 4252 1294 4305 iuramentum
1313 4249 1440 4304 debent
1455 4249 1484 4304 1.

306 4328 401 4403 ’11)

377 4257 527 4383 nullibi
542 4277 866 4402 (besmedeburasrtljetsne
993 4341 1039 4395 Sic
1058 4343 1091 4396 bl.
1111 4342 1195 4396 lecum
1216 4341 1306 4412 explet
1325 4341 1487 4396 hauddubie

378 4422 552 4474 1111111111
562 4425 723 4477 1111011111
744 4443 866 4480 omnem
993 4431 1035 4485 lec
1038 4449 1155 4487 uuuuuuu

376 4511 463 4565 bomi
470 4517 788 4569 nemcarenetumet
807 4533 866 4571 nen
946 4517 975 4591 1)
995 4521 1117 4576 Aurius
1137 4523 1266 4579 Mestre
1286 4523 1411 4578 Petrus
1430 4523 1462 4578 11.
