3130 5078
314 310 391 383 52ss
638 320 735 376 lnuoo.
749 319 782 375 lll
796 337 887 376 arasa.
902 337 939 374 ao
953 337 1102 376 saracenos
1115 319 1161 376 Gn.

312 498 393 564 tnnc
416 489 587 560 multitudo
615 493 761 586 gentium
785 491 918 564 intrabit
942 491 982 562 ad
1007 491 1121 575 iidem,
1149 493 1247 562 etsie
1266 493 1373 563 omnis
1393 493 1485 564 lsrael

312 618 419 688 salvus
437 617 505 687 fiet.

403 745 490 816 Ecce
505 767 587 838 ergo
606 745 687 816 socii
707 747 809 816 nostri
824 745 966 838 ueniunt,
985 753 1022 816 nt
1035 742 1189 836 adjurent
1201 768 1274 830 nos,
1295 745 1369 839 quia
1386 748 1484 818 Grac·

312 895 424 943 corum
438 870 585 942 Ecclesia
601 871 688 942 redit
701 871 741 942 ad
758 871 973 944 obedientiam
988 871 1311 966 apostolicaesedis,
1327 881 1484 945 uteorum

312 999 423 1093 adjuta
443 997 588 1068 subsidio
602 997 719 1069 liherct
732 999 811 1070 duas
826 1000 898 1093 ejus
913 1023 1059 1082 sorores,
1078 999 1326 1071 alexandrinam
1339 999 1485 1072 videlicet

313 1132 346 1197 et
363 1124 666 1218 lerosolymitanam
685 1125 869 1209 Ecclesiae,
890 1150 974 1220 quae
993 1129 1138 1222 captivae
1156 1133 1312 1198 tenentur
1328 1128 1391 1200 suh
1406 1128 1483 1221 jugo

311 1254 400 1346 regis
428 1252 570 1346 Aegypti
604 1259 639 1322 et
669 1253 787 1323 inritae
819 1254 964 1324 seruiunt
996 1253 1166 1325 Pharaoni.
1209 1256 1383 1337 Ceterum,
1415 1254 1486 1325 licct

312 1382 452 1474 quinqua
470 1380 535 1450 sint
554 1378 794 1451 Patriarchatns
811 1381 841 1449 in
862 1379 953 1462 orbe,
982 1381 1146 1452 Romanus
1165 1381 1301 1464 seilicet,
1325 1383 1483 1453 Constan-

310 1507 559 1602 tinopolitanus,
586 1505 838 1591 Alexandrinus,
866 1505 1089 1602 Antiochsnus
1108 1513 1142 1579 ct
1164 1505 1483 1601 Hierosolymam,

309 1633 341 1704 hi
371 1641 476 1705 tamen
506 1639 574 1704 tres
599 1639 724 1704 tautum
751 1633 890 1726 apostoli
921 1633 1141 1719 nominantur,
1177 1634 1329 1704 videlicet
1356 1637 1482 1716 Petrus,

309 1760 453 1833 lacobus
479 1765 513 1830 et
530 1758 711 1843 lohannes,
740 1761 794 1853 qui
819 1759 911 1830 simili
935 1760 1147 1853 perhibentur
1170 1769 1307 1855 stupore
1331 1763 1484 1854 correpti,

311 1887 384 1980 quia
409 1886 556 1956 nimirum
574 1892 644 1958 tres
664 1909 702 1956 er
721 1886 783 1956 illis
808 1887 994 1981 specialiter
1012 1893 1162 1981 spectant
1187 1887 1227 1958 ad
1254 1887 1407 1971 Petrum,
1435 1889 1483 1982 qui

309 2013 543 2084 Antiochenam
564 2019 597 2083 et
614 2013 790 2084 Romanam
808 2013 975 2085 Ecclesiae
1000 2015 1205 2085 consecravit
1227 2014 1485 2108 praesentialiter

310 2141 548 2234 perseipsum,
570 2138 816 2210 Alexandrinam
831 2164 909 2212 uero
928 2164 988 2234 per
1001 2140 1154 2221 Marcum,
1175 2139 1367 2233 discipulum
1383 2165 1484 2222 suum,

310 2291 403 2361 quem
434 2266 508 2338 illuc
539 2265 755 2359 personaliter
788 2264 977 2348 destinauit;
1016 2266 1378 2359 Constantinopolitano
1412 2291 1484 2338 nero

307 2394 454 2466 Ecclesia
474 2392 659 2486 specialiter
677 2394 819 2486 pertinet
837 2392 878 2463 ad
896 2391 1089 2474 lohanncm,
1108 2393 1161 2486 qni
1181 2399 1214 2463 et
1232 2393 1369 2465 Graecis
1389 2419 1484 2489 prae·

307 2521 426 2593 dicauit
443 2521 474 2590 in
489 2519 578 2602 Asia,
598 2527 633 2590 et
651 2518 735 2612 apud
751 2501 898 2590 Graecos
917 2519 977 2590 luit
996 2519 1114 2613 Ephesi
1135 2519 1326 2596 tumulatus:
1348 2521 1486 2593 ecclesia

306 2672 384 2719 uero
394 2646 664 2740 lerosolymitana
677 2646 810 2740 proprie
824 2652 953 2740 spectat
962 2647 1002 2718 ad
1011 2646 1180 2728 iacobum,
1195 2647 1264 2718 siue
1274 2647 1373 2718 filium
1382 2649 1487 2720 Zebe-

305 2776 388 2856 daei,
414 2775 479 2868 qui,
504 2775 626 2866 primus
645 2774 729 2843 inter
744 2772 911 2866 apostolos
926 2773 1132 2856 interiectus,
1150 2773 1409 2868 Hierosolymam
1429 2798 1486 2844 suo

180 2971 183 2978 .
306 2902 458 2994 martyrio
477 2899 648 2982 dedicauit,
664 2899 732 2970 sive
746 2899 843 2970 lilium
860 2897 1006 2991 hlphaei,
1027 2924 1121 2992 quem
1138 2900 1276 2994 apostoli
1295 2901 1487 2995 Hierosoly·

307 3051 430 3098 morum
447 3029 635 3121 episcopum
651 3026 851 3098 ordinarunt.
872 3025 914 3096 Et
925 3026 966 3096 ob
977 3024 1041 3096 hoo
1051 3027 1137 3098 sorte
1146 3033 1214 3098 tres
1224 3027 1307 3097 istos
1317 3027 1487 3120 apostolos

304 3157 401 3228 lesus
417 3155 591 3247 assumpsit
610 3154 642 3222 in
662 3158 803 3224 montem
823 3150 984 3223 excelsum
1004 3177 1164 3237 seorsum,
1184 3161 1217 3224 et
1234 3155 1487 3248 transfiguratus

306 3291 357 3354 est
374 3289 448 3353 ante
468 3304 545 3362 eos;
566 3303 627 3352 nee
646 3280 784 3350 alienum
800 3279 958 3350 aratione
978 3279 1117 3362 videtur,
1138 3279 1238 3372 quod,
1258 3303 1333 3350 cum
1351 3288 1487 3376 propter

305 3403 1486 3501 causampraedictamltomanusPontilenhabeatquinquePatriarchalcs

304 3536 407 3608 Sedes
428 3536 460 3605 in
480 3532 577 3615 orhe,
596 3531 681 3626 apud
698 3539 767 3602 tres
785 3538 910 3604 tantum
929 3533 1052 3603 illarum
1072 3532 1274 3604 sollemniter
1293 3543 1484 3606 coronatur.

393 3663 489 3732 Patet
512 3660 669 3754 igiturex
692 3660 897 3753 praemissis,
926 3659 1014 3752 quod
1038 3661 1117 3730 sooii
1144 3661 1247 3730 nostri
1275 3661 1427 3743 ueniunt,
1453 3667 1486 3730 ut

303 3788 456 3882 adjuvent
474 3809 547 3869 nos,
568 3787 731 3879 quoniam,
752 3786 805 3856 uhi
821 3785 959 3862 dextera
973 3786 1112 3869 Domini,
1133 3810 1217 3880 quac
1235 3786 1421 3880 glorificata
1436 3793 1485 3858 est

302 3916 334 3986 in
355 3914 492 3997 virtum,
522 3913 914 4010 Constantinopolitanum
935 3913 1105 4006 imperium
1124 3938 1143 3984 a
1163 3913 1298 3984 Graecis
1317 3913 1486 3984 transtulit

303 4041 344 4112 ad
372 4041 523 4124 Latinos,
552 4039 699 4110 volentes
727 4037 786 4120 hii,
815 4039 867 4132 qui
895 4037 1027 4110 fuerant
1052 4040 1083 4110 in
1107 4041 1252 4111 exercitu
1277 4038 1484 4118 Latinorum,

303 4169 440 4262 lmpcrio
466 4168 527 4262 ipsi
547 4167 588 4238 de
605 4188 747 4260 persona
772 4163 889 4236 idouea
909 4164 1097 4257 providere,
1127 4165 1168 4237 de
1187 4164 1388 4260 principibus
1409 4164 1484 4236 Gal·

301 4296 416 4366 liarum
434 4295 666 4386 Imperatorem
685 4291 896 4363 concorditer
915 4290 1098 4387 clegerunt.

390 4421 435 4492 Ut
460 4425 567 4492 autem
591 4418 726 4502 Veneti,
761 4418 815 4511 qui
840 4417 970 4488 fueraut
994 4417 1117 4490 laboris
1143 4419 1339 4512 participes,
1373 4427 1487 4490 essem

301 4548 424 4642 pariter
449 4553 622 4617 consortes
648 4544 799 4626 honoris,
825 4543 949 4637 placuit
974 4545 1099 4616 Latinis
1122 4546 1154 4614 in
1180 4546 1360 4626 communi,
1386 4553 1425 4616 ut
1443 4545 1484 4616 dc
