3120 5078
230 350 382 406 Gearsrnr
396 365 431 404 33
445 349 696 404 Vrsae-Hannonis
714 365 750 402 aa
765 363 800 400 ns
815 343 984 406 Consuesse
998 362 1033 398 nn
1049 342 1095 398 Cr.
1181 321 1257 394 313

691 511 841 594 d'agreer
863 515 931 574 1333
954 509 1000 573 133
1023 511 1144 576 traittez
1166 515 1214 602 qn·
1222 516 1260 579 113

690 620 820 685 ieraient
851 639 907 682 aux
938 623 1022 702 ports
1054 621 1093 685 de
1123 643 1196 696 mer,
1230 627 1261 688 et

690 731 792 793 autres
831 725 910 790 lieux
944 728 982 790 eir
1017 726 1056 792 its
1093 729 1259 796 s'addres·

691 837 836 901 seroient.

132 946 210 1010 Ensi
233 945 351 1010 mirent
374 947 394 1010 ti
408 946 466 1010 eis
480 963 637 1028 messages
759 943 844 1008 Ainsi
871 961 924 1008 ees
951 943 996 1006 six
1024 944 1161 1032 Depatea
1190 965 1261 1030 par-

67 1062 342 1126 commeaverat,
359 1061 390 1118 et
405 1055 551 1137 pristrent
563 1073 638 1117 ann·
690 1054 798 1125 tirent‚
823 1050 955 1135 lesquela
977 1055 1066 1135 apres
1087 1055 1171 1118 avoir
1187 1075 1262 1119 enn-

67 1161 120 1224 3311
133 1160 639 1239 3333333113113131333333311
692 1163 777 1227 eerte
793 1157 959 1232 ensembte,
982 1167 1013 1224 31
1028 1163 1098 1245 iuge
1115 1165 1132 1227 a
1148 1181 1262 1245 propos

67 1266 210 1332 entr'aux
232 1270 373 1343 aeenrde,
397 1290 457 1354 qne
473 1289 512 1333 en
527 1269 639 1334 Venise
692 1269 731 1332 de
747 1267 947 1332 s'aeheminir
962 1269 979 1332 1
996 1267 1118 1342 Venire,
1136 1271 1262 1334 133333

66 1377 223 1441 enideient
238 1383 343 1442 trorer
355 1379 423 1462 ptus
435 1383 525 1460 grant
537 1377 639 1461 plante
692 1377 798 1462 33313.
811 1377 879 1460 plus
890 1373 980 1460 qn'en
993 1375 1073 1440 33113
1085 1383 1170 1441 autre
1182 1381 1261 1461 part,

65 1483 103 1547 de
114 1485 251 1548 vaissiax
267 1507 326 1570 que
343 1486 360 1549 ia
377 1486 426 1549 331
439 1490 524 1549 autre
537 1491 614 1570 port.
693 1485 729 1548 its
757 1485 933 1569 penrroient
962 1489 1141 1549 reneentrer
1168 1484 1263 1568 grand

131 1592 172 1656 Et
186 1593 441 1658 chevanehierent
452 1613 508 1676 par
519 1594 565 1656 les
578 1594 639 1657 iar·
693 1591 818 1656 nombre
849 1593 888 1656 de
916 1593 1090 1669 vaisseaax,
1122 1592 1212 1657 tirent
1239 1595 1266 1656 si

66 1701 140 1764 nies
169 1704 252 1774 tant,
279 1721 337 1785 que
364 1699 386 1763 il
413 1700 586 1765 vindroient
611 1699 640 1765 la
693 1701 808 1783 grande
836 1699 1005 1782 diligentem
1027 1699 1122 1784 qu'ils
1143 1721 1163 1784 y
1185 1701 1264 1764 arri-

3 1811 4 1818 ’
66 1809 223 1889 premiere
239 1811 353 1874 semain
367 1810 405 1874 de
423 1809 599 1892 Quaresane.
693 1815 800 1872 serent
827 1808 855 1872 la
881 1808 1032 1893 premiere
1055 1808 1199 1874 Semaine
1227 1787 1290 1872 de*

694 1915 846 1981 Caresme.

153 2023 233 2088 ibid.
251 2045 281 2108 p.
300 2025 445 2092 11-12

131 2129 237 2198 017.
257 2132 479 2197 1131313333111
497 2131 640 2197 3131133-
764 2129 934 2196 rra-nessus
972 2130 1018 2194 les
1050 2131 1096 2194 six
1127 2131 1263 2215 Depntea

65 2257 155 2320 rages
168 2238 391 2323 s’agennittent
404 2241 477 2305 1133
488 2243 555 2326 piea
567 2239 641 2304 mult
696 2238 831 2304 s'astans
854 2243 1031 2325 prosternes
1056 2260 1094 2302 en
1116 2243 1214 2311 terre,
1235 2243 1266 2302 et

67 2346 207 2429 plorent:
232 2349 300 2412 3111
317 2347 384 2413 Dux
399 2349 540 2414 31131111
557 2353 642 2412 autre
696 2346 1265 2431 313333333313333133133333,131133,

3 2499 4 2502 ,
67 2451 277 2520 s’eserierent
298 2459 355 2522 tait
382 2458 400 2521 1
423 2479 481 2521 333
503 2457 587 2533 raia,
612 2461 643 2520 et
697 2461 728 2520 et
743 2463 807 2521 taut
823 2455 852 2520 le
870 2456 980 2540 peuple
1002 2454 1184 2519 s'eerierent
1199 2459 1267 2517 tous

67 2564 196 2628 tendent
226 2563 273 2626 lar
303 2567 398 2628 mains
429 2585 467 2628 en
497 2565 579 2637 halt,
611 2569 643 2628 et
697 2561 1268 2636 (13333313,33133331133333133

3 2737 5 2754 ‚
67 2669 201 2736 distrent
246 2671 336 2746 „Nes
377 2671 537 2748 Patriam,
579 2673 642 2737 Nos
697 2695 734 2737 33
750 2673 824 2736 haut
842 2671 945 2747 „Nous
963 2670 1167 2743 l'aecnrdons,
1191 2689 1267 2733 nous

66 2777 247 2844 l'atriens“.
697 2779 926 2846 t'neeordons“.

3 2935 4 2966 3
134 2887 216 2951 Enlri
233 2892 265 2951 at
288 2889 314 2950 si
338 2893 428 2969 grant
446 2887 543 2960 brnit,
569 2892 601 2950 et
617 2889 642 2950 si
764 2887 835 2951 Puis
859 2885 976 2950 s’eleua
998 2907 1037 2950 nn
1062 2886 1141 2949 brnit
1169 2891 1200 2949 et
1227 2905 1268 2948 33

70 3001 158 3075 grant
169 2997 325 3078 noiseque
335 2995 355 3058 il
365 2997 477 3060 semble
491 3017 549 3080 que
560 3001 643 3059 terre
696 2998 869 3058 tintamarre
882 2997 908 3057 si
920 2993 1026 3076 grand,
1041 2993 1116 3078 qu'il
1130 2992 1269 3056 sembloit

70 3103 194 3166 tantist.
219 3103 257 3166 Et
273 3108 364 3186 quant
374 3105 441 3167 3313
456 3108 546 3186 grant
558 3105 643 3168 noise
697 3123 756 3187 que
778 3105 805 3166 la
827 3109 910 3166 terre
927 3100 999 3166 (13111
1014 3102 1154 3165 abismer.
1180 3099 1268 3165 Cette

69 3219 202 3282 remeet,
225 3217 256 3274 et
273 3213 339 3274 cete
355 3217 445 3294 grant
467 3212 558 3296 pitie,
585 3231 642 3296 qne
697 3213 822 3295 inpense
845 3215 876 3274 et
897 3207 1049 3294 pitoyable
1071 3209 1269 3272 acclamatinn

72 3339 186 3403 anqnes
197 3319 265 3403 plus
275 3325 365 3400 grant
375 3341 411 3383 ne
421 3321 462 3383 vit
474 3341 530 3384 nus
544 3319 642 3393 home,
698 3321 853 3404 appaisee,
865 3319 893 3381 13
907 3318 1269 3402 113333133131113333333

70 3425 89 3488 n
109 3426 170 3490 han
195 3427 261 3489 nux
283 3427 322 3490 de
346 3426 471 3500 Venise,
495 3431 545 3512 qui
570 3428 644 3492 matt
698 3429 737 3492 de
750 3428 846 3510 grand
859 3429 1012 3509 ingement
1024 3432 1054 3488 et
1067 3425 1104 3488 de
1117 3425 1176 3489 bon
1186 3445 1269 3499 sens,

72 3555 122 3598 ere
138 3555 233 3616 sagea
247 3539 278 3596 31
295 3555 378 3616 praa,
396 3539 495 3599 monta
512 3537 539 3600 el
557 3537 643 3600 lateri
699 3543 798 3600 monta
822 3557 858 3600 au
882 3535 1037 3618 paupitre,
1065 3541 1097 3597 et
1120 3533 1204 3617 parla
1233 3555 1271 3598 an

72 3651 100 3704 et
116 3641 203 3726 parta
219 3662 257 3704 33
273 3644 393 3726 333313,
411 3651 441 3706 31
458 3643 504 3706 lar
520 3644 596 3708 dist:
698 3644 807 3728 peuple
828 3665 864 3707 en
882 3648 962 3707 cette
979 3649 1076 3705 sorte:

136 3750 313 3831 „Seignor‚
349 3771 422 3814 veen
455 3751 558 3815 l’onor
585 3773 644 3836 qne
767 3752 967 3834 „Seigneura
989 3747 1271 3833 voyez'l'honnenr

3 3845 4 3910 ἶ
72 3857 162 3922 Dieus
190 3879 245 3922 ros
262 3881 278 3922 a
296 3859 366 3930 fait,
390 3879 449 3943 que
465 3859 493 3922 13
509 3861 643 3924 meillors
698 3880 757 3944 qne
779 3860 856 3924 Dien
878 3880 952 3922 vaus
975 3859 1080 3931 31311,
1105 3880 1142 3922 33
1159 3879 1195 3922 33
1212 3879 1270 3943 qne

3 3953 4 3962 ¹
72 3985 145 4046 genz
164 3966 358 4042 (1313333313,
385 3971 437 4031 ont
452 3970 560 4051 guerpi
581 3973 644 4034 tete
698 3969 744 4031 tes
768 3968 835 4052 plus
860 3967 984 4030 vaitlans
1013 3967 1148 4030 hommes
1178 3967 1216 4030 da
1245 3969 1270 4030 13

72 4071 90 4136 1'
97 4081 184 4138 autre
201 4093 291 4156 gens,
309 4081 340 4138 et
356 4080 406 4138 ont
421 4076 524 4158 requie
542 4082 644 4140 nostre
698 4079 780 4140 terre
798 4081 849 4138 ont
866 4074 996 4137 delaissa
1020 4081 1087 4138 tous
1108 4075 1152 4138 les
1169 4081 1270 4139 autres

72 4182 263 4266 campaignie
304 4181 342 4246 de
372 4184 399 4246 si
432 4183 513 4246 hatte
550 4183 643 4248 ehase
697 4182 1271 4268 333313331331331313,333331333-

73 4289 226 4354 ensemble
247 4291 324 4354 taire
349 4309 465 4355 comme
489 4291 527 4354 de
548 4291 576 4354 la
593 4313 644 4354 re·
700 4293 888 4356 ehervostre
905 4292 1086 4374 campagnia
1099 4293 1117 4355 ia
1130 4293 1272 4357 133333-

3 4471 4 4482 ¹
72 4417 175 4464 333333
191 4403 298 4462 nostre
314 4398 479 4480 Seignor.“
699 4400 762 4464 tien
791 4397 888 4463 d'nne
913 4399 940 4462 si
969 4397 1089 4464 loiable
1116 4405 1147 4462 et
1174 4401 1272 4465 sainte

702 4506 890 4590 entreprise,
929 4527 1066 4604 eamme·
1084 4508 1122 4572 de
1161 4511 1273 4573 retiret·
