<?xml version="1.0" encoding="UTF-8"?>
<!DOCTYPE html PUBLIC "-//W3C//DTD XHTML 1.0 Transitional//EN"
    "http://www.w3.org/TR/xhtml1/DTD/xhtml1-transitional.dtd">
<html xmlns="http://www.w3.org/1999/xhtml" xml:lang="en" lang="en">
 <head>
  <title>
</title>
<meta http-equiv="Content-Type" content="text/html;charset=utf-8" />
  <meta name='ocr-system' content='tesseract 3.04.00' />
  <meta name='ocr-capabilities' content='ocr_page ocr_carea ocr_par ocr_line ocrx_word'/>
</head>
<body>
  <div class='ocr_page' id='page_1' title='image "./fontesrerumaust07kommgoog_0459.png"; bbox 0 0 3110 5080; ppageno 0'>
   <div class='ocr_carea' id='block_1_1' title="bbox 231 388 1206 462">
    <p class='ocr_par' dir='ltr' id='par_1_1' title="bbox 231 388 1206 462">
     <span class='ocr_line' id='line_1_1' title="bbox 231 388 1206 462; baseline 0.001 -6"><span class='ocrx_word' id='word_1_1' title='bbox 231 417 234 424; x_wconf 53' lang='lat'><em>¹</em></span> <span class='ocrx_word' id='word_1_2' title='bbox 331 388 407 462; x_wconf 78' lang='grc'><strong>436</strong></span> <span class='ocrx_word' id='word_1_3' title='bbox 621 401 715 455; x_wconf 83' lang='lat' dir='ltr'><strong>innoc.</strong></span> <span class='ocrx_word' id='word_1_4' title='bbox 728 398 760 454; x_wconf 92' lang='lat' dir='ltr'><strong>lll</strong></span> <span class='ocrx_word' id='word_1_5' title='bbox 772 415 862 454; x_wconf 78' lang='lat' dir='ltr'><strong>error.</strong></span> <span class='ocrx_word' id='word_1_6' title='bbox 877 417 913 456; x_wconf 83' lang='lat' dir='ltr'><strong>an</strong></span> <span class='ocrx_word' id='word_1_7' title='bbox 927 417 1015 457; x_wconf 83' lang='lat' dir='ltr'><strong>nrrsc.</strong></span> <span class='ocrx_word' id='word_1_8' title='bbox 1029 402 1128 458; x_wconf 77' lang='lat' dir='ltr'><strong>Sonos.</strong></span> <span class='ocrx_word' id='word_1_9' title='bbox 1143 417 1206 458; x_wconf 79' lang='lat' dir='ltr'><strong>erc.</strong></span> 
     </span>
    </p>
   </div>
   <div class='ocr_carea' id='block_1_2' title="bbox 318 541 1554 1692">
    <p class='ocr_par' dir='ltr' id='par_1_2' title="bbox 318 541 1554 1692">
     <span class='ocr_line' id='line_1_2' title="bbox 328 541 1498 670; baseline 0.003 -26"><span class='ocrx_word' id='word_1_10' title='bbox 328 595 434 656; x_wconf 88' lang='lat' dir='ltr'><strong>suam,</strong></span> <span class='ocrx_word' id='word_1_11' title='bbox 460 594 553 666; x_wconf 91' lang='lat' dir='ltr'><strong>quam</strong></span> <span class='ocrx_word' id='word_1_12' title='bbox 572 571 614 643; x_wconf 92' lang='lat' dir='ltr'><strong>oh</strong></span> <span class='ocrx_word' id='word_1_13' title='bbox 634 541 839 643; x_wconf 83' lang='lat' dir='ltr'><strong>devotionern</strong></span> <span class='ocrx_word' id='word_1_14' title='bbox 858 571 1026 644; x_wconf 80' lang='lat' dir='ltr'><strong>Ecclesiae</strong></span> <span class='ocrx_word' id='word_1_15' title='bbox 1045 573 1200 658; x_wconf 72' lang='lat' dir='ltr'><strong>fecerint,</strong></span> <span class='ocrx_word' id='word_1_16' title='bbox 1225 575 1313 670; x_wconf 87' lang='lat' dir='ltr'><strong>quod</strong></span> <span class='ocrx_word' id='word_1_17' title='bbox 1338 577 1498 660; x_wconf 85' lang='lat' dir='ltr'><strong>fecerunt,</strong></span> 
     </span>
     <span class='ocr_line' id='line_1_3' title="bbox 327 699 1501 796; baseline 0 -21"><span class='ocrx_word' id='word_1_18' title='bbox 327 727 367 776; x_wconf 92' lang='lat' dir='ltr'><strong>ne</strong></span> <span class='ocrx_word' id='word_1_19' title='bbox 391 702 423 772; x_wconf 95' lang='lat' dir='ltr'><strong>in</strong></span> <span class='ocrx_word' id='word_1_20' title='bbox 448 725 505 772; x_wconf 92' lang='lat' dir='ltr'><strong>eos</strong></span> <span class='ocrx_word' id='word_1_21' title='bbox 531 699 680 771; x_wconf 86' lang='lat' dir='ltr'><strong>videlicet</strong></span> <span class='ocrx_word' id='word_1_22' title='bbox 706 707 843 793; x_wconf 89' lang='lat' dir='ltr'><strong>propter</strong></span> <span class='ocrx_word' id='word_1_23' title='bbox 868 700 1041 772; x_wconf 88' lang='lat' dir='ltr'><strong>secundam</strong></span> <span class='ocrx_word' id='word_1_24' title='bbox 1072 704 1387 796; x_wconf 75' lang='lat' dir='ltr'><strong>transgressionem,</strong></span> <span class='ocrx_word' id='word_1_25' title='bbox 1420 705 1501 775; x_wconf 87' lang='lat' dir='ltr'><strong>sicut</strong></span> 
     </span>
     <span class='ocr_line' id='line_1_4' title="bbox 325 826 1498 925; baseline 0.001 -23"><span class='ocrx_word' id='word_1_26' title='bbox 325 837 459 925; x_wconf 88' lang='lat' dir='ltr'><strong>propter</strong></span> <span class='ocrx_word' id='word_1_27' title='bbox 477 827 611 924; x_wconf 87' lang='lat' dir='ltr'><strong>primam</strong></span> <span class='ocrx_word' id='word_1_28' title='bbox 630 827 708 898; x_wconf 91' lang='lat' dir='ltr'><strong>moti</strong></span> <span class='ocrx_word' id='word_1_29' title='bbox 726 826 859 911; x_wconf 90' lang='lat' dir='ltr'><strong>fuimus,</strong></span> <span class='ocrx_word' id='word_1_30' title='bbox 887 850 1101 900; x_wconf 87' lang='lat' dir='ltr'><strong>moreremur.</strong></span> <span class='ocrx_word' id='word_1_31' title='bbox 1130 829 1210 901; x_wconf 89' lang='lat' dir='ltr'><strong>Nam</strong></span> <span class='ocrx_word' id='word_1_32' title='bbox 1228 831 1256 901; x_wconf 92' lang='lat' dir='ltr'><strong>si</strong></span> <span class='ocrx_word' id='word_1_33' title='bbox 1275 830 1406 902; x_wconf 90' lang='lat' dir='ltr'><strong>oculum</strong></span> <span class='ocrx_word' id='word_1_34' title='bbox 1426 831 1498 902; x_wconf 89' lang='lat' dir='ltr'><strong>sim·</strong></span> 
     </span>
     <span class='ocr_line' id='line_1_5' title="bbox 324 955 1497 1057; baseline 0.003 -26"><span class='ocrx_word' id='word_1_35' title='bbox 324 962 439 1057; x_wconf 91' lang='lat' dir='ltr'><strong>plicem</strong></span> <span class='ocrx_word' id='word_1_36' title='bbox 467 956 653 1028; x_wconf 80' lang='lat' dir='ltr'><strong>habuissent</strong></span> <span class='ocrx_word' id='word_1_37' title='bbox 676 963 710 1026; x_wconf 93' lang='lat' dir='ltr'><strong>et</strong></span> <span class='ocrx_word' id='word_1_38' title='bbox 734 955 938 1029; x_wconf 82' lang='lat' dir='ltr'><strong>laborassent</strong></span> <span class='ocrx_word' id='word_1_39' title='bbox 956 957 1177 1052; x_wconf 86' lang='lat' dir='ltr'><strong>principaliter</strong></span> <span class='ocrx_word' id='word_1_40' title='bbox 1195 985 1255 1054; x_wconf 93' lang='lat' dir='ltr'><strong>pro</strong></span> <span class='ocrx_word' id='word_1_41' title='bbox 1275 961 1497 1034; x_wconf 88' lang='lat' dir='ltr'><strong>ecclesiastica</strong></span> 
     </span>
     <span class='ocr_line' id='line_1_6' title="bbox 323 1081 1497 1184; baseline 0 -24"><span class='ocrx_word' id='word_1_42' title='bbox 323 1089 456 1170; x_wconf 86' lang='lat' dir='ltr'><strong>unitate,</strong></span> <span class='ocrx_word' id='word_1_43' title='bbox 474 1093 540 1157; x_wconf 89' lang='lat' dir='ltr'><strong>tarn</strong></span> <span class='ocrx_word' id='word_1_44' title='bbox 558 1081 675 1156; x_wconf 82' lang='lat' dir='ltr'><strong>devote</strong></span> <span class='ocrx_word' id='word_1_45' title='bbox 693 1107 788 1179; x_wconf 86' lang='lat' dir='ltr'><strong>quam</strong></span> <span class='ocrx_word' id='word_1_46' title='bbox 803 1084 980 1156; x_wconf 88' lang='lat' dir='ltr'><strong>efficaciter</strong></span> <span class='ocrx_word' id='word_1_47' title='bbox 998 1093 1242 1179; x_wconf 85' lang='lat' dir='ltr'><strong>procurassent,</strong></span> <span class='ocrx_word' id='word_1_48' title='bbox 1264 1093 1299 1159; x_wconf 93' lang='lat' dir='ltr'><strong>ut</strong></span> <span class='ocrx_word' id='word_1_49' title='bbox 1317 1088 1497 1184; x_wconf 83' lang='lat' dir='ltr'><strong>Imperator</strong></span> 
     </span>
     <span class='ocr_line' id='line_1_7' title="bbox 322 1211 1495 1311; baseline 0 -25"><span class='ocrx_word' id='word_1_50' title='bbox 322 1216 538 1289; x_wconf 86' lang='lat' dir='ltr'><strong>nnntiossuos</strong></span> <span class='ocrx_word' id='word_1_51' title='bbox 552 1211 593 1283; x_wconf 92' lang='lat' dir='ltr'><strong>ad</strong></span> <span class='ocrx_word' id='word_1_52' title='bbox 607 1234 668 1284; x_wconf 92' lang='lat' dir='ltr'><strong>nos</strong></span> <span class='ocrx_word' id='word_1_53' title='bbox 678 1235 751 1284; x_wconf 90' lang='lat' dir='ltr'><strong>cnm</strong></span> <span class='ocrx_word' id='word_1_54' title='bbox 765 1211 950 1305; x_wconf 87' lang='lat' dir='ltr'><strong>patentibus</strong></span> <span class='ocrx_word' id='word_1_55' title='bbox 963 1211 1064 1285; x_wconf 86' lang='lat' dir='ltr'><strong>literis</strong></span> <span class='ocrx_word' id='word_1_56' title='bbox 1077 1215 1320 1300; x_wconf 83' lang='lat' dir='ltr'><strong>transmisisset,</strong></span> <span class='ocrx_word' id='word_1_57' title='bbox 1335 1216 1369 1286; x_wconf 91' lang='lat' dir='ltr'><strong>in</strong></span> <span class='ocrx_word' id='word_1_58' title='bbox 1384 1216 1495 1311; x_wconf 87' lang='lat' dir='ltr'><strong>quibus</strong></span> 
     </span>
     <span class='ocr_line' id='line_1_8' title="bbox 320 1339 1493 1434; baseline -0.003 -19"><span class='ocrx_word' id='word_1_59' title='bbox 320 1367 356 1415; x_wconf 90' lang='lat' dir='ltr'><strong>se</strong></span> <span class='ocrx_word' id='word_1_60' title='bbox 374 1341 597 1422; x_wconf 89' lang='lat' dir='ltr'><strong>confiteretur,</strong></span> <span class='ocrx_word' id='word_1_61' title='bbox 617 1339 701 1410; x_wconf 87' lang='lat' dir='ltr'><strong>sicut</strong></span> <span class='ocrx_word' id='word_1_62' title='bbox 714 1340 847 1432; x_wconf 84' lang='lat' dir='ltr'><strong>jurasse</strong></span> <span class='ocrx_word' id='word_1_63' title='bbox 866 1339 995 1424; x_wconf 90' lang='lat' dir='ltr'><strong>dicitur,</strong></span> <span class='ocrx_word' id='word_1_64' title='bbox 1011 1341 1192 1434; x_wconf 82' lang='lat' dir='ltr'><strong>juravisse3</strong></span> <span class='ocrx_word' id='word_1_65' title='bbox 1213 1341 1372 1414; x_wconf 89' lang='lat' dir='ltr'><strong>fecissent</strong></span> <span class='ocrx_word' id='word_1_66' title='bbox 1389 1343 1493 1425; x_wconf 87' lang='lat' dir='ltr'><strong>etiarn,</strong></span> 
     </span>
     <span class='ocr_line' id='line_1_9' title="bbox 318 1467 1554 1562; baseline -0.002 -20"><span class='ocrx_word' id='word_1_67' title='bbox 318 1479 355 1543; x_wconf 92' lang='lat' dir='ltr'><strong>ut</strong></span> <span class='ocrx_word' id='word_1_68' title='bbox 382 1467 568 1542; x_wconf 81' lang='lat' dir='ltr'><strong>Pahiarcha</strong></span> <span class='ocrx_word' id='word_1_69' title='bbox 599 1489 658 1560; x_wconf 91' lang='lat' dir='ltr'><strong>per</strong></span> <span class='ocrx_word' id='word_1_70' title='bbox 691 1467 819 1539; x_wconf 92' lang='lat' dir='ltr'><strong>nuntios</strong></span> <span class='ocrx_word' id='word_1_71' title='bbox 847 1473 880 1538; x_wconf 91' lang='lat' dir='ltr'><strong>et</strong></span> <span class='ocrx_word' id='word_1_72' title='bbox 912 1467 1021 1561; x_wconf 89' lang='lat' dir='ltr'><strong>apices</strong></span> <span class='ocrx_word' id='word_1_73' title='bbox 1053 1492 1132 1540; x_wconf 90' lang='lat' dir='ltr'><strong>suos</strong></span> <span class='ocrx_word' id='word_1_74' title='bbox 1164 1469 1369 1562; x_wconf 87' lang='lat' dir='ltr'><strong>apostolicae</strong></span> <span class='ocrx_word' id='word_1_75' title='bbox 1400 1469 1493 1540; x_wconf 92' lang='lat' dir='ltr'><strong>Sedis</strong></span> <span class='ocrx_word' id='word_1_76' title='bbox 1551 1497 1554 1522; x_wconf 58' lang='lat' dir='ltr'><strong>r</strong></span> 
     </span>
     <span class='ocr_line' id='line_1_10' title="bbox 318 1595 1491 1692; baseline -0.003 -23"><span class='ocrx_word' id='word_1_77' title='bbox 318 1596 537 1692; x_wconf 84' lang='lat' dir='ltr'><strong>magisterium</strong></span> <span class='ocrx_word' id='word_1_78' title='bbox 555 1601 815 1687; x_wconf 80' lang='lat' dir='ltr'><strong>recognosceret</strong></span> <span class='ocrx_word' id='word_1_79' title='bbox 833 1599 866 1664; x_wconf 91' lang='lat' dir='ltr'><strong>et</strong></span> <span class='ocrx_word' id='word_1_80' title='bbox 884 1595 1073 1688; x_wconf 68' lang='lat' dir='ltr'><strong>primatum</strong></span> <span class='ocrx_word' id='word_1_81' title='bbox 1094 1603 1204 1668; x_wconf 90' lang='lat' dir='ltr'><strong>ettam</strong></span> <span class='ocrx_word' id='word_1_82' title='bbox 1219 1597 1261 1680; x_wconf 91' lang='lat' dir='ltr'><strong>ci,</strong></span> <span class='ocrx_word' id='word_1_83' title='bbox 1282 1621 1378 1692; x_wconf 86' lang='lat' dir='ltr'><strong>quarn</strong></span> <span class='ocrx_word' id='word_1_84' title='bbox 1399 1597 1491 1668; x_wconf 91' lang='lat' dir='ltr'><strong>nobis</strong></span> 
     </span>
    </p>
   </div>
   <div class='ocr_carea' id='block_1_3' title="bbox 240 1721 1492 2580">
    <p class='ocr_par' dir='ltr' id='par_1_3' title="bbox 315 1721 1492 2196">
     <span class='ocr_line' id='line_1_11' title="bbox 317 1721 1492 1819; baseline 0.002 -25"><span class='ocrx_word' id='word_1_85' title='bbox 317 1731 352 1797; x_wconf 93' lang='lat' dir='ltr'><strong>et</strong></span> <span class='ocrx_word' id='word_1_86' title='bbox 365 1721 611 1796; x_wconf 88' lang='lat' dir='ltr'><strong>suecessoribus</strong></span> <span class='ocrx_word' id='word_1_87' title='bbox 625 1721 745 1794; x_wconf 90' lang='lat' dir='ltr'><strong>nostris</strong></span> <span class='ocrx_word' id='word_1_88' title='bbox 759 1722 971 1794; x_wconf 80' lang='lat' dir='ltr'><strong>reverentiam</strong></span> <span class='ocrx_word' id='word_1_89' title='bbox 987 1729 1020 1794; x_wconf 92' lang='lat' dir='ltr'><strong>et</strong></span> <span class='ocrx_word' id='word_1_90' title='bbox 1035 1723 1249 1796; x_wconf 82' lang='lat' dir='ltr'><strong>obedientiam</strong></span> <span class='ocrx_word' id='word_1_91' title='bbox 1262 1727 1492 1819; x_wconf 82' lang='lat' dir='ltr'><strong>repromittens</strong></span> 
     </span>
     <span class='ocr_line' id='line_1_12' title="bbox 315 1848 1490 1945; baseline 0 -23"><span class='ocrx_word' id='word_1_92' title='bbox 315 1851 440 1924; x_wconf 89' lang='lat' dir='ltr'><strong>anobis</strong></span> <span class='ocrx_word' id='word_1_93' title='bbox 458 1848 587 1945; x_wconf 91' lang='lat' dir='ltr'><strong>pallium</strong></span> <span class='ocrx_word' id='word_1_94' title='bbox 605 1857 768 1944; x_wconf 91' lang='lat' dir='ltr'><strong>sumptum</strong></span> <span class='ocrx_word' id='word_1_95' title='bbox 781 1849 822 1920; x_wconf 91' lang='lat' dir='ltr'><strong>dc</strong></span> <span class='ocrx_word' id='word_1_96' title='bbox 842 1849 927 1920; x_wconf 88' lang='lat' dir='ltr'><strong>beati</strong></span> <span class='ocrx_word' id='word_1_97' title='bbox 947 1849 1033 1920; x_wconf 85' lang='lat' dir='ltr'><strong>Petri</strong></span> <span class='ocrx_word' id='word_1_98' title='bbox 1052 1873 1192 1944; x_wconf 87' lang='lat' dir='ltr'><strong>corpore</strong></span> <span class='ocrx_word' id='word_1_99' title='bbox 1211 1850 1408 1944; x_wconf 86' lang='lat' dir='ltr'><strong>postularet,</strong></span> <span class='ocrx_word' id='word_1_100' title='bbox 1424 1853 1490 1922; x_wconf 90' lang='lat' dir='ltr'><strong>sinc</strong></span> 
     </span>
     <span class='ocr_line' id='line_1_13' title="bbox 315 1975 1489 2072; baseline 0 -24"><span class='ocrx_word' id='word_1_101' title='bbox 315 1999 378 2072; x_wconf 80' lang='lat' dir='ltr'><strong>rpno</strong></span> <span class='ocrx_word' id='word_1_102' title='bbox 394 2000 456 2048; x_wconf 90' lang='lat' dir='ltr'><strong>nee</strong></span> <span class='ocrx_word' id='word_1_103' title='bbox 470 1978 552 2071; x_wconf 92' lang='lat' dir='ltr'><strong>ipse,</strong></span> <span class='ocrx_word' id='word_1_104' title='bbox 566 1998 628 2046; x_wconf 91' lang='lat' dir='ltr'><strong>nec</strong></span> <span class='ocrx_word' id='word_1_105' title='bbox 638 1975 729 2060; x_wconf 90' lang='lat' dir='ltr'><strong>alius,</strong></span> <span class='ocrx_word' id='word_1_106' title='bbox 746 1975 809 2046; x_wconf 89' lang='lat' dir='ltr'><strong>rite</strong></span> <span class='ocrx_word' id='word_1_107' title='bbox 822 1981 934 2069; x_wconf 88' lang='lat' dir='ltr'><strong>potest</strong></span> <span class='ocrx_word' id='word_1_108' title='bbox 946 1975 1160 2070; x_wconf 87' lang='lat' dir='ltr'><strong>patriarchale</strong></span> <span class='ocrx_word' id='word_1_109' title='bbox 1171 1977 1311 2048; x_wconf 87' lang='lat' dir='ltr'><strong>officium</strong></span> <span class='ocrx_word' id='word_1_110' title='bbox 1324 1999 1489 2050; x_wconf 86' lang='lat' dir='ltr'><strong>exercere.</strong></span> 
     </span>
     <span class='ocr_line' id='line_1_14' title="bbox 401 2091 1488 2196; baseline 0.001 -21"><span class='ocrx_word' id='word_1_111' title='bbox 401 2105 566 2175; x_wconf 91' lang='lat' dir='ltr'><strong>hlonemus</strong></span> <span class='ocrx_word' id='word_1_112' title='bbox 581 2102 681 2196; x_wconf 87' lang='lat' dir='ltr'><strong>igitur</strong></span> <span class='ocrx_word' id='word_1_113' title='bbox 691 2103 925 2174; x_wconf 78' lang='lat' dir='ltr'><strong>fraternitatem</strong></span> <span class='ocrx_word' id='word_1_114' title='bbox 936 2109 1075 2174; x_wconf 85' lang='lat' dir='ltr'><strong>vestram</strong></span> <span class='ocrx_word' id='word_1_115' title='bbox 1086 2109 1120 2174; x_wconf 91' lang='lat' dir='ltr'><strong>et</strong></span> <span class='ocrx_word' id='word_1_116' title='bbox 1129 2091 1337 2176; x_wconf 85' lang='lat' dir='ltr'><strong>exhortamur</strong></span> <span class='ocrx_word' id='word_1_117' title='bbox 1351 2111 1488 2190; x_wconf 87' lang='lat' dir='ltr'><strong>attente,</strong></span> 
     </span>
    </p>

    <p class='ocr_par' dir='ltr' id='par_1_4' title="bbox 240 2228 1486 2580">
     <span class='ocr_line' id='line_1_15' title="bbox 240 2228 1486 2327; baseline 0 -24"><span class='ocrx_word' id='word_1_118' title='bbox 240 2243 247 2262; x_wconf 79' lang='lat'>¹</span> <span class='ocrx_word' id='word_1_119' title='bbox 314 2239 348 2303; x_wconf 91' lang='lat' dir='ltr'><strong>et</strong></span> <span class='ocrx_word' id='word_1_120' title='bbox 365 2255 425 2327; x_wconf 90' lang='lat' dir='ltr'><strong>per</strong></span> <span class='ocrx_word' id='word_1_121' title='bbox 444 2229 622 2325; x_wconf 90' lang='lat' dir='ltr'><strong>apostolica</strong></span> <span class='ocrx_word' id='word_1_122' title='bbox 642 2228 733 2301; x_wconf 86' lang='lat' dir='ltr'><strong>robis</strong></span> <span class='ocrx_word' id='word_1_123' title='bbox 756 2229 878 2324; x_wconf 86' lang='lat' dir='ltr'><strong>scripta</strong></span> <span class='ocrx_word' id='word_1_124' title='bbox 902 2229 1108 2313; x_wconf 84' lang='lat' dir='ltr'><strong>mandamus,</strong></span> <span class='ocrx_word' id='word_1_125' title='bbox 1133 2239 1289 2324; x_wconf 87' lang='lat' dir='ltr'><strong>quatenus</strong></span> <span class='ocrx_word' id='word_1_126' title='bbox 1314 2238 1371 2315; x_wconf 94' lang='lat' dir='ltr'><strong>ut,</strong></span> <span class='ocrx_word' id='word_1_127' title='bbox 1399 2233 1486 2325; x_wconf 90' lang='lat' dir='ltr'><strong>quod</strong></span> 
     </span>
     <span class='ocr_line' id='line_1_16' title="bbox 312 2356 1486 2452; baseline -0.001 -22"><span class='ocrx_word' id='word_1_128' title='bbox 312 2361 415 2430; x_wconf 91' lang='lat' dir='ltr'><strong>minus</strong></span> <span class='ocrx_word' id='word_1_129' title='bbox 434 2365 486 2428; x_wconf 91' lang='lat' dir='ltr'><strong>est</strong></span> <span class='ocrx_word' id='word_1_130' title='bbox 504 2363 622 2440; x_wconf 88' lang='lat' dir='ltr'><strong>actum,</strong></span> <span class='ocrx_word' id='word_1_131' title='bbox 642 2357 798 2428; x_wconf 89' lang='lat' dir='ltr'><strong>haetenus</strong></span> <span class='ocrx_word' id='word_1_132' title='bbox 817 2356 1017 2452; x_wconf 88' lang='lat' dir='ltr'><strong>suppleatur,</strong></span> <span class='ocrx_word' id='word_1_133' title='bbox 1037 2357 1215 2428; x_wconf 86' lang='lat' dir='ltr'><strong>efficaciter</strong></span> <span class='ocrx_word' id='word_1_134' title='bbox 1228 2357 1398 2429; x_wconf 84' lang='lat' dir='ltr'><strong>laboretis.</strong></span> <span class='ocrx_word' id='word_1_135' title='bbox 1420 2359 1486 2429; x_wconf 89' lang='lat' dir='ltr'><strong>Nisi</strong></span> 
     </span>
     <span class='ocr_line' id='line_1_17' title="bbox 311 2483 1484 2580; baseline -0.003 -20"><span class='ocrx_word' id='word_1_136' title='bbox 311 2489 392 2560; x_wconf 90' lang='lat' dir='ltr'><strong>enim</strong></span> <span class='ocrx_word' id='word_1_137' title='bbox 413 2485 637 2580; x_wconf 90' lang='lat' dir='ltr'><strong>praesentibus</strong></span> <span class='ocrx_word' id='word_1_138' title='bbox 657 2484 747 2556; x_wconf 85' lang='lat' dir='ltr'><strong>robis</strong></span> <span class='ocrx_word' id='word_1_139' title='bbox 767 2484 823 2554; x_wconf 87' lang='lat' dir='ltr'><strong>liat</strong></span> <span class='ocrx_word' id='word_1_140' title='bbox 842 2535 851 2554; x_wconf 89' lang='lat'><strong>.</strong></span> <span class='ocrx_word' id='word_1_141' title='bbox 873 2536 882 2554; x_wconf 94' lang='lat'><strong>.</strong></span> <span class='ocrx_word' id='word_1_142' title='bbox 903 2536 912 2553; x_wconf 96' lang='lat'><strong>.</strong></span> <span class='ocrx_word' id='word_1_143' title='bbox 933 2483 974 2554; x_wconf 91' lang='lat' dir='ltr'><strong>de</strong></span> <span class='ocrx_word' id='word_1_144' title='bbox 992 2483 1077 2555; x_wconf 88' lang='lat' dir='ltr'><strong>facili</strong></span> <span class='ocrx_word' id='word_1_145' title='bbox 1091 2484 1312 2578; x_wconf 88' lang='lat' dir='ltr'><strong>juramentum</strong></span> <span class='ocrx_word' id='word_1_146' title='bbox 1332 2484 1385 2556; x_wconf 85' lang='lat' dir='ltr'><strong>rel</strong></span> <span class='ocrx_word' id='word_1_147' title='bbox 1403 2509 1484 2580; x_wconf 88' lang='lat' dir='ltr'><strong>pro-</strong></span> 
     </span>
    </p>
   </div>
   <div class='ocr_carea' id='block_1_4' title="bbox 309 2609 1553 3082">
    <p class='ocr_par' dir='ltr' id='par_1_5' title="bbox 310 2609 1553 2708">
     <span class='ocr_line' id='line_1_18' title="bbox 310 2609 1553 2708; baseline -0.001 -22"><span class='ocrx_word' id='word_1_148' title='bbox 310 2615 419 2686; x_wconf 88' lang='lat' dir='ltr'><strong>missio</strong></span> <span class='ocrx_word' id='word_1_149' title='bbox 439 2613 643 2708; x_wconf 88' lang='lat' dir='ltr'><strong>lmperatoris</strong></span> <span class='ocrx_word' id='word_1_150' title='bbox 662 2611 812 2684; x_wconf 84' lang='lat' dir='ltr'><strong>effectum</strong></span> <span class='ocrx_word' id='word_1_151' title='bbox 831 2609 974 2682; x_wconf 91' lang='lat' dir='ltr'><strong>debitum</strong></span> <span class='ocrx_word' id='word_1_152' title='bbox 1000 2612 1166 2693; x_wconf 89' lang='lat' dir='ltr'><strong>sortietur,</strong></span> <span class='ocrx_word' id='word_1_153' title='bbox 1191 2619 1224 2682; x_wconf 90' lang='lat' dir='ltr'><strong>et</strong></span> <span class='ocrx_word' id='word_1_154' title='bbox 1243 2634 1302 2682; x_wconf 90' lang='lat' dir='ltr'><strong>ros</strong></span> <span class='ocrx_word' id='word_1_155' title='bbox 1320 2611 1484 2685; x_wconf 85' lang='lat' dir='ltr'><strong>secundae</strong></span> <span class='ocrx_word' id='word_1_156' title='bbox 1552 2631 1553 2647; x_wconf 64' lang='lat'>¹</span> 
     </span>
    </p>

    <p class='ocr_par' dir='ltr' id='par_1_6' title="bbox 309 2737 1320 3082">
     <span class='ocr_line' id='line_1_19' title="bbox 309 2737 1320 2837; baseline -0.004 -23"><span class='ocrx_word' id='word_1_157' title='bbox 309 2739 575 2837; x_wconf 77' lang='lat' dir='ltr'><strong>transgressioni,</strong></span> <span class='ocrx_word' id='word_1_158' title='bbox 594 2741 679 2812; x_wconf 87' lang='lat' dir='ltr'><strong>siout</strong></span> <span class='ocrx_word' id='word_1_159' title='bbox 697 2745 732 2810; x_wconf 92' lang='lat' dir='ltr'><strong>et</strong></span> <span class='ocrx_word' id='word_1_160' title='bbox 748 2739 884 2835; x_wconf 84' lang='lat' dir='ltr'><strong>primae,</strong></span> <span class='ocrx_word' id='word_1_161' title='bbox 905 2737 1084 2810; x_wconf 88' lang='lat' dir='ltr'><strong>videbimini</strong></span> <span class='ocrx_word' id='word_1_162' title='bbox 1103 2739 1320 2810; x_wconf 89' lang='lat' dir='ltr'><strong>consensisse.</strong></span> 
     </span>
     <span class='ocr_line' id='line_1_20' title="bbox 396 2868 954 2972; baseline -0.009 -31"><span class='ocrx_word' id='word_1_163' title='bbox 396 2869 468 2941; x_wconf 88' lang='lat' dir='ltr'><strong>Dat.</strong></span> <span class='ocrx_word' id='word_1_164' title='bbox 489 2868 629 2940; x_wconf 73' lang='lat' dir='ltr'><strong>Anconae</strong></span> <span class='ocrx_word' id='word_1_165' title='bbox 655 2921 693 2939; x_wconf 91' lang='lat'><strong>..</strong></span> <span class='ocrx_word' id='word_1_166' title='bbox 718 2890 831 2939; x_wconf 90' lang='lat' dir='ltr'><strong>.anno</strong></span> <span class='ocrx_word' id='word_1_167' title='bbox 850 2873 954 2972; x_wconf 80' lang='lat' dir='ltr'><strong>serto.</strong></span> 
     </span>
     <span class='ocr_line' id='line_1_21' title="bbox 846 3011 938 3082; baseline 0.011 -1"><span class='ocrx_word' id='word_1_168' title='bbox 846 3011 938 3082; x_wconf 81' lang='lat' dir='ltr'><strong>CXV.</strong></span> 
     </span>
    </p>
   </div>
   <div class='ocr_carea' id='block_1_5' title="bbox 705 3135 1084 3200">
    <p class='ocr_par' dir='ltr' id='par_1_7' title="bbox 705 3135 1084 3200">
     <span class='ocr_line' id='line_1_22' title="bbox 705 3135 1084 3200; baseline -0.003 -2"><span class='ocrx_word' id='word_1_169' title='bbox 705 3135 892 3200; x_wconf 78' lang='lat' dir='ltr'><strong>innocentius</strong></span> <span class='ocrx_word' id='word_1_170' title='bbox 909 3135 951 3198; x_wconf 95' lang='lat' dir='ltr'><strong>lll</strong></span> <span class='ocrx_word' id='word_1_171' title='bbox 967 3135 1084 3200; x_wconf 80' lang='lat' dir='ltr'><strong>cladem.</strong></span> 
     </span>
    </p>
   </div>
   <div class='ocr_carea' id='block_1_6' title="bbox 507 3241 1276 3430">
    <p class='ocr_par' dir='ltr' id='par_1_8' title="bbox 507 3241 1276 3430">
     <span class='ocr_line' id='line_1_23' title="bbox 507 3241 1276 3330; baseline -0.004 -21"><span class='ocrx_word' id='word_1_172' title='bbox 507 3241 544 3309; x_wconf 84' lang='lat' dir='ltr'><strong>Ut</strong></span> <span class='ocrx_word' id='word_1_173' title='bbox 560 3243 798 3330; x_wconf 77' lang='lat' dir='ltr'><strong>Crucesipnotos</strong></span> <span class='ocrx_word' id='word_1_174' title='bbox 814 3243 858 3308; x_wconf 86' lang='lat' dir='ltr'><strong>cd</strong></span> <span class='ocrx_word' id='word_1_175' title='bbox 872 3243 1101 3330; x_wconf 80' lang='lat' dir='ltr'><strong>poenitentium</strong></span> <span class='ocrx_word' id='word_1_176' title='bbox 1116 3242 1276 3308; x_wconf 80' lang='lat' dir='ltr'><strong>inducant.</strong></span> 
     </span>
     <span class='ocr_line' id='line_1_24' title="bbox 777 3356 994 3430; baseline 0 -18"><span class='ocrx_word' id='word_1_177' title='bbox 777 3357 809 3412; x_wconf 80' lang='lat' dir='ltr'><strong>r.</strong></span> <span class='ocrx_word' id='word_1_178' title='bbox 822 3357 848 3412; x_wconf 89' lang='lat' dir='ltr'><strong>u.</strong></span> <span class='ocrx_word' id='word_1_179' title='bbox 863 3356 994 3430; x_wconf 75' lang='lat' dir='ltr'><strong>raoap).</strong></span> 
     </span>
    </p>
   </div>
   <div class='ocr_carea' id='block_1_7' title="bbox 302 3458 1477 3654">
    <p class='ocr_par' dir='ltr' id='par_1_9' title="bbox 302 3458 1477 3654">
     <span class='ocr_line' id='line_1_25' title="bbox 391 3458 1477 3547; baseline -0.001 -23"><span class='ocrx_word' id='word_1_180' title='bbox 391 3461 518 3526; x_wconf 88' lang='lat' dir='ltr'><strong>lnnoe.</strong></span> <span class='ocrx_word' id='word_1_181' title='bbox 540 3460 577 3523; x_wconf 95' lang='lat' dir='ltr'><strong>lll</strong></span> <span class='ocrx_word' id='word_1_182' title='bbox 598 3461 686 3543; x_wconf 88' lang='lat' dir='ltr'><strong>epist.</strong></span> <span class='ocrx_word' id='word_1_183' title='bbox 709 3459 760 3524; x_wconf 93' lang='lat' dir='ltr'><strong>lib.</strong></span> <span class='ocrx_word' id='word_1_184' title='bbox 778 3459 831 3532; x_wconf 89' lang='lat' dir='ltr'><strong>Vl,</strong></span> <span class='ocrx_word' id='word_1_185' title='bbox 854 3481 902 3545; x_wconf 91' lang='lat' dir='ltr'><strong>ep.</strong></span> <span class='ocrx_word' id='word_1_186' title='bbox 919 3458 1072 3525; x_wconf 76' lang='lat' dir='ltr'><strong>ccxxxii</strong></span> <span class='ocrx_word' id='word_1_187' title='bbox 1097 3459 1145 3524; x_wconf 88' lang='lat' dir='ltr'><strong>ed.</strong></span> <span class='ocrx_word' id='word_1_188' title='bbox 1163 3459 1439 3547; x_wconf 78' lang='lat' dir='ltr'><strong>Brdquigny&#39;f.</strong></span> <span class='ocrx_word' id='word_1_189' title='bbox 1457 3461 1477 3536; x_wconf 93' lang='lat' dir='ltr'><strong>l,</strong></span> 
     </span>
     <span class='ocr_line' id='line_1_26' title="bbox 302 3567 836 3654; baseline -0.007 -19"><span class='ocrx_word' id='word_1_190' title='bbox 302 3591 370 3653; x_wconf 87' lang='lat' dir='ltr'><strong>pag.</strong></span> <span class='ocrx_word' id='word_1_191' title='bbox 388 3568 464 3635; x_wconf 80' lang='lat'><strong>428.</strong></span> <span class='ocrx_word' id='word_1_192' title='bbox 488 3567 660 3652; x_wconf 79' lang='lat' dir='ltr'><strong>Raynald.</strong></span> <span class='ocrx_word' id='word_1_193' title='bbox 677 3568 697 3632; x_wconf 92' lang='lat' dir='ltr'><strong>l.</strong></span> <span class='ocrx_word' id='word_1_194' title='bbox 714 3567 734 3632; x_wconf 97' lang='lat' dir='ltr'><strong>l.</strong></span> <span class='ocrx_word' id='word_1_195' title='bbox 753 3571 787 3654; x_wconf 62' lang='grc' dir='ltr'><strong>ξ.</strong></span> <span class='ocrx_word' id='word_1_196' title='bbox 805 3568 836 3633; x_wconf 82' lang='lat' dir='ltr'><strong>l.</strong></span> 
     </span>
    </p>
   </div>
   <div class='ocr_carea' id='block_1_8' title="bbox 294 3699 1476 4680">
    <p class='ocr_par' dir='ltr' id='par_1_10' title="bbox 294 3699 1476 4680">
     <span class='ocr_line' id='line_1_27' title="bbox 391 3699 1476 3795; baseline 0.002 -23"><span class='ocrx_word' id='word_1_197' title='bbox 391 3703 470 3772; x_wconf 84' lang='lat' dir='ltr'><strong>Curn</strong></span> <span class='ocrx_word' id='word_1_198' title='bbox 489 3700 564 3771; x_wconf 89' lang='lat' dir='ltr'><strong>olim</strong></span> <span class='ocrx_word' id='word_1_199' title='bbox 582 3708 630 3784; x_wconf 89' lang='lat' dir='ltr'><strong>tu,</strong></span> <span class='ocrx_word' id='word_1_200' title='bbox 649 3701 754 3772; x_wconf 89' lang='lat' dir='ltr'><strong>frater</strong></span> <span class='ocrx_word' id='word_1_201' title='bbox 770 3699 1027 3783; x_wconf 76' lang='lat' dir='ltr'><strong>suessionensis,</strong></span> <span class='ocrx_word' id='word_1_202' title='bbox 1047 3707 1082 3770; x_wconf 90' lang='lat' dir='ltr'><strong>et</strong></span> <span class='ocrx_word' id='word_1_203' title='bbox 1100 3699 1238 3770; x_wconf 90' lang='lat' dir='ltr'><strong>dilectus</strong></span> <span class='ocrx_word' id='word_1_204' title='bbox 1256 3699 1353 3784; x_wconf 90' lang='lat' dir='ltr'><strong>filius,</strong></span> <span class='ocrx_word' id='word_1_205' title='bbox 1373 3701 1476 3795; x_wconf 86' lang='lat' dir='ltr'><strong>blagi-</strong></span> 
     </span>
     <span class='ocr_line' id='line_1_28' title="bbox 300 3825 1476 3923; baseline -0.002 -22"><span class='ocrx_word' id='word_1_206' title='bbox 300 3835 368 3901; x_wconf 87' lang='lat' dir='ltr'><strong>ster</strong></span> <span class='ocrx_word' id='word_1_207' title='bbox 398 3827 587 3919; x_wconf 79' lang='lat' dir='ltr'><strong>lo[onoec]</strong></span> <span class='ocrx_word' id='word_1_208' title='bbox 619 3826 866 3908; x_wconf 81' lang='lat' dir='ltr'><strong>Noviomensis,</strong></span> <span class='ocrx_word' id='word_1_209' title='bbox 899 3850 971 3899; x_wconf 93' lang='lat' dir='ltr'><strong>cum</strong></span> <span class='ocrx_word' id='word_1_210' title='bbox 1004 3825 1192 3919; x_wconf 85' lang='lat' dir='ltr'><strong>quibusdam</strong></span> <span class='ocrx_word' id='word_1_211' title='bbox 1220 3825 1289 3898; x_wconf 89' lang='lat' dir='ltr'><strong>aliis</strong></span> <span class='ocrx_word' id='word_1_212' title='bbox 1317 3849 1357 3898; x_wconf 86' lang='lat' dir='ltr'><strong>ex</strong></span> <span class='ocrx_word' id='word_1_213' title='bbox 1384 3834 1476 3923; x_wconf 86' lang='lat' dir='ltr'><strong>parte</strong></span> 
     </span>
     <span class='ocr_line' id='line_1_29' title="bbox 300 3951 1473 4048; baseline -0.003 -21"><span class='ocrx_word' id='word_1_214' title='bbox 300 3956 607 4048; x_wconf 82' lang='lat' dir='ltr'><strong>Crucesignatorum</strong></span> <span class='ocrx_word' id='word_1_215' title='bbox 626 3953 667 4024; x_wconf 90' lang='lat' dir='ltr'><strong>ad</strong></span> <span class='ocrx_word' id='word_1_216' title='bbox 686 3951 806 4024; x_wconf 88' lang='lat' dir='ltr'><strong>Sedem</strong></span> <span class='ocrx_word' id='word_1_217' title='bbox 829 3952 1039 4048; x_wconf 88' lang='lat' dir='ltr'><strong>apostolicam</strong></span> <span class='ocrx_word' id='word_1_218' title='bbox 1059 3954 1247 4036; x_wconf 83' lang='lat' dir='ltr'><strong>venissetis,</strong></span> <span class='ocrx_word' id='word_1_219' title='bbox 1270 3975 1367 4046; x_wconf 89' lang='lat' dir='ltr'><strong>quarn</strong></span> <span class='ocrx_word' id='word_1_220' title='bbox 1386 3953 1473 4024; x_wconf 84' lang='lat' dir='ltr'><strong>diffi-</strong></span> 
     </span>
     <span class='ocr_line' id='line_1_30' title="bbox 298 4080 1471 4176; baseline -0.003 -21"><span class='ocrx_word' id='word_1_221' title='bbox 298 4084 375 4155; x_wconf 90' lang='lat' dir='ltr'><strong>ciles</strong></span> <span class='ocrx_word' id='word_1_222' title='bbox 394 4085 425 4154; x_wconf 94' lang='lat' dir='ltr'><strong>in</strong></span> <span class='ocrx_word' id='word_1_223' title='bbox 445 4089 552 4154; x_wconf 86' lang='lat' dir='ltr'><strong>restra</strong></span> <span class='ocrx_word' id='word_1_224' title='bbox 570 4081 759 4176; x_wconf 87' lang='lat' dir='ltr'><strong>receptione</strong></span> <span class='ocrx_word' id='word_1_225' title='bbox 778 4081 944 4162; x_wconf 84' lang='lat' dir='ltr'><strong>fuerimus,</strong></span> <span class='ocrx_word' id='word_1_226' title='bbox 970 4087 1005 4152; x_wconf 87' lang='lat' dir='ltr'><strong>ct</strong></span> <span class='ocrx_word' id='word_1_227' title='bbox 1023 4103 1115 4176; x_wconf 89' lang='lat' dir='ltr'><strong>quam</strong></span> <span class='ocrx_word' id='word_1_228' title='bbox 1133 4080 1270 4152; x_wconf 88' lang='lat' dir='ltr'><strong>moleste</strong></span> <span class='ocrx_word' id='word_1_229' title='bbox 1288 4080 1471 4163; x_wconf 85' lang='lat' dir='ltr'><strong>tulerimus,</strong></span> 
     </span>
     <span class='ocr_line' id='line_1_31' title="bbox 298 4205 1473 4306; baseline -0.003 -25"><span class='ocrx_word' id='word_1_230' title='bbox 298 4210 384 4306; x_wconf 91' lang='lat' dir='ltr'><strong>quod</strong></span> <span class='ocrx_word' id='word_1_231' title='bbox 409 4211 491 4303; x_wconf 92' lang='lat' dir='ltr'><strong>apud</strong></span> <span class='ocrx_word' id='word_1_232' title='bbox 518 4209 667 4280; x_wconf 80' lang='lat' dir='ltr'><strong>dederam</strong></span> <span class='ocrx_word' id='word_1_233' title='bbox 691 4209 851 4278; x_wconf 84' lang='lat' dir='ltr'><strong>exercitus</strong></span> <span class='ocrx_word' id='word_1_234' title='bbox 875 4214 1100 4302; x_wconf 78' lang='lat' dir='ltr'><strong>attemptaret,</strong></span> <span class='ocrx_word' id='word_1_235' title='bbox 1124 4213 1159 4277; x_wconf 90' lang='lat' dir='ltr'><strong>te</strong></span> <span class='ocrx_word' id='word_1_236' title='bbox 1178 4205 1340 4279; x_wconf 87' lang='lat' dir='ltr'><strong>credimus</strong></span> <span class='ocrx_word' id='word_1_237' title='bbox 1360 4209 1473 4279; x_wconf 88' lang='lat' dir='ltr'><strong>memi-</strong></span> 
     </span>
     <span class='ocr_line' id='line_1_32' title="bbox 297 4333 1471 4428; baseline -0.002 -20"><span class='ocrx_word' id='word_1_238' title='bbox 297 4337 396 4408; x_wconf 90' lang='lat' dir='ltr'><strong>nisse.</strong></span> <span class='ocrx_word' id='word_1_239' title='bbox 426 4337 508 4424; x_wconf 80' lang='lat' dir='ltr'><strong>Quia</strong></span> <span class='ocrx_word' id='word_1_240' title='bbox 527 4337 612 4407; x_wconf 92' lang='lat' dir='ltr'><strong>enim</strong></span> <span class='ocrx_word' id='word_1_241' title='bbox 630 4343 744 4407; x_wconf 88' lang='lat' dir='ltr'><strong>contra</strong></span> <span class='ocrx_word' id='word_1_242' title='bbox 764 4335 1014 4428; x_wconf 86' lang='lat' dir='ltr'><strong>prohibitionem</strong></span> <span class='ocrx_word' id='word_1_243' title='bbox 1033 4333 1233 4428; x_wconf 86' lang='lat' dir='ltr'><strong>apostolicae</strong></span> <span class='ocrx_word' id='word_1_244' title='bbox 1247 4334 1343 4406; x_wconf 87' lang='lat' dir='ltr'><strong>Sedis</strong></span> <span class='ocrx_word' id='word_1_245' title='bbox 1361 4337 1471 4406; x_wconf 81' lang='lat' dir='ltr'><strong>venire</strong></span> 
     </span>
     <span class='ocr_line' id='line_1_33' title="bbox 294 4462 1470 4558; baseline -0.002 -24"><span class='ocrx_word' id='word_1_246' title='bbox 294 4467 595 4558; x_wconf 89' lang='lat' dir='ltr'><strong>praesumpserant,</strong></span> <span class='ocrx_word' id='word_1_247' title='bbox 621 4485 703 4556; x_wconf 88' lang='lat' dir='ltr'><strong>quae</strong></span> <span class='ocrx_word' id='word_1_248' title='bbox 729 4485 788 4556; x_wconf 90' lang='lat' dir='ltr'><strong>per</strong></span> <span class='ocrx_word' id='word_1_249' title='bbox 812 4485 887 4534; x_wconf 90' lang='lat' dir='ltr'><strong>suas</strong></span> <span class='ocrx_word' id='word_1_250' title='bbox 914 4463 1024 4534; x_wconf 87' lang='lat' dir='ltr'><strong>literas</strong></span> <span class='ocrx_word' id='word_1_251' title='bbox 1052 4463 1230 4544; x_wconf 84' lang='lat' dir='ltr'><strong>nuntiarat,</strong></span> <span class='ocrx_word' id='word_1_252' title='bbox 1258 4483 1371 4532; x_wconf 87' lang='lat' dir='ltr'><strong>omnes</strong></span> <span class='ocrx_word' id='word_1_253' title='bbox 1399 4462 1470 4533; x_wconf 90' lang='lat' dir='ltr'><strong>illos</strong></span> 
     </span>
     <span class='ocr_line' id='line_1_34' title="bbox 295 4587 1469 4680; baseline -0.002 -20"><span class='ocrx_word' id='word_1_254' title='bbox 295 4590 629 4660; x_wconf 84' lang='lat' dir='ltr'><strong>excommunicationis</strong></span> <span class='ocrx_word' id='word_1_255' title='bbox 662 4589 787 4661; x_wconf 87' lang='lat' dir='ltr'><strong>viuculo</strong></span> <span class='ocrx_word' id='word_1_256' title='bbox 819 4589 1008 4673; x_wconf 88' lang='lat' dir='ltr'><strong>innodatos,</strong></span> <span class='ocrx_word' id='word_1_257' title='bbox 1042 4597 1076 4659; x_wconf 91' lang='lat' dir='ltr'><strong>et</strong></span> <span class='ocrx_word' id='word_1_258' title='bbox 1104 4587 1341 4680; x_wconf 85' lang='lat' dir='ltr'><strong>indulgentiae,</strong></span> <span class='ocrx_word' id='word_1_259' title='bbox 1375 4611 1469 4680; x_wconf 82' lang='lat' dir='ltr'><strong>quam</strong></span> 
     </span>
    </p>
   </div>
   <div class='ocr_carea' id='block_1_9' title="bbox 1547 2863 1550 3027">
    <p class='ocr_par' dir='ltr' id='par_1_11' title="bbox 1547 2863 1550 3027">
     <span class='ocr_line' id='line_1_35' title="bbox 1548 2863 1550 2933; baseline 0 0"><span class='ocrx_word' id='word_1_260' title='bbox 1548 2863 1550 2933; x_wconf 73' lang='lat' dir='ltr'><strong>r</strong></span> 
     </span>
     <span class='ocr_line' id='line_1_36' title="bbox 1547 2937 1549 3027; baseline 0 0"><span class='ocrx_word' id='word_1_261' title='bbox 1547 2937 1549 3027; x_wconf 84' lang='lat' dir='ltr'><strong>l</strong></span> 
     </span>
    </p>
   </div>
   <div class='ocr_carea' id='block_1_10' title="bbox 0 0 1560 5080">
    <p class='ocr_par' dir='ltr' id='par_1_12' title="bbox 0 0 1560 5080">
     <span class='ocr_line' id='line_1_37' title="bbox 0 0 1560 5080; baseline 0 12"><span class='ocrx_word' id='word_1_262' title='bbox 0 0 1560 5080; x_wconf 95' lang='lat' dir='ltr'><strong> </strong></span> 
     </span>
    </p>
   </div>
  </div>
 </body>
</html>
