3120 5078
288 346 365 416 304
570 355 662 410 lisam
675 357 838 412 Bvanurmr
852 375 906 414 raa
918 359 1051 414 Francos
1065 377 1196 415 svausro.

282 552 324 598 an
353 527 535 622 Imperator
562 536 679 622 captus
702 527 818 614 fuerit,
847 532 945 600 auin
972 529 1099 624 proelio
1125 531 1334 602 interiectus.
1364 527 1474 598 Nuntii

285 657 378 726 vacui
402 654 559 735 redeunt,
588 655 761 748 nullosque
788 680 938 728 rumores
965 657 1006 728 de
1026 679 1068 729 eo
1087 659 1176 728 scire
1197 657 1323 728 dicunt.
1353 655 1479 728 Idcirco

285 805 346 874 pro
368 804 421 864 eo,
441 782 525 852 siout
544 803 606 875 pro
626 789 770 866 mortuo,
791 785 944 879 exequias
963 783 1130 856 solemnes
1144 785 1175 853 iu
1191 783 1333 862 ecclesia
1347 786 1479 852 sancho

286 908 429 1000 Sophiae
449 907 662 979 celebrarunt
680 931 754 980 cum
773 931 893 1004 magno
913 910 1030 982 dolore
1050 917 1085 980 et
1103 911 1228 1004 gemitu
1247 907 1372 1002 populi.

287 1121 423 1202 hugonis,
440 1119 558 1185 Comitis
575 1121 675 1186 Sancti
692 1122 792 1202 ΙιιΙΙ,
816 1123 947 1204 epistole
963 1125 999 1188 dc
1015 1131 1185 1208 expugnate
1200 1142 1254 1208 por
1270 1121 1391 1188 balinea
1408 1121 1479 1183 urbe

750 1229 1017 1316 Constantinopoli.

801 1381 831 1436 Α.
845 1381 871 1434 d·
885 1382 965 1436 120³.

377 1517 457 1582 Edit.
474 1519 505 1580 in
520 1517 644 1582 liecueil
667 1518 722 1582 des
742 1521 908 1586 historiens
931 1520 970 1586 de
989 1521 1018 1585 la
1036 1518 1156 1584 Franco
1171 1519 1208 1582 Τ.
1226 1516 1329 1590 xviii,
1352 1537 1383 1600 p.
1402 1515 1479 1582 517.

287 1625 466 1708 Nuperrime
479 1626 556 1710 apud
575 1627 681 1690 Buch
692 1649 746 1691 on.
764 1628 949 1693 recherches
966 1632 997 1692 et
1012 1628 1177 1692 materiaur
1193 1648 1269 1711 pour
1282 1625 1409 1690 servire
1422 1644 1481 1686 une

287 1733 413 1796 histoire
426 1731 464 1797 de
477 1733 505 1798 la
518 1735 699 1799 domination
713 1735 864 1817 franceise
875 1742 932 1800 etc.
946 1735 971 1800 ll
983 1741 1059 1820 part.
1073 1756 1102 1819 p.
1114 1734 1156 1798 ot
1166 1755 1210 1819 sq.
1230 1733 1293 1797 Cir.
1306 1731 1481 1797 hlichaud

288 1839 494 1927 bibliotheque
511 1843 565 1906 des
582 1841 738 1907 croisades
755 1845 792 1908 T.
809 1843 864 1917 ΙΙΙ,
891 1843 943 1908 13.
968 1845 1045 1908 llnta
1062 1844 1118 1908 bos
1135 1843 1273 1907 ediderat
1288 1841 1482 1906 Freherus

286 1952 318 2014 in
334 1951 444 2014 lterum
462 1949 708 2016 Gervnanicarum
726 1951 926 2037 scriptoribus
943 1973 972 2036 p.
991 1953 1058 2017 369
1075 1971 1121 2037 sq.

288 2100 490 2174 Precordiali
518 2101 625 2173 amico
652 2125 714 2173 suo
740 2103 900 2186 Henrico‚
920 2103 1001 2172 lluci
1022 2103 1063 2173 dc
1082 2103 1244 2185 Lovanio,
1273 2100 1342 2172 viro
1369 2099 1484 2184 nobili,

637 2229 747 2322 Hugo,
769 2227 890 2298 Comes
911 2229 1015 2299 sancti
1035 2227 1137 2298 Pauli.

377 2357 507 2426 Statum
531 2355 729 2450 pauperrimi
756 2357 919 2426 exercitus
938 2357 1018 2427 lesu
1038 2355 1158 2426 Christi
1184 2351 1345 2424 nohilitati
1364 2351 1484 2424 Vestro

289 2481 458 2552 declarare
474 2481 638 2552 desidero.
659 2480 795 2552 Noverit
808 2482 908 2574 igitur
918 2481 1088 2552 Serenitas
1098 2481 1227 2564 Vestra,
1240 2479 1327 2574 quod
1336 2479 1483 2561 Alexius,

290 2605 374 2677 lilius
394 2608 561 2690 liin-Saci‚
582 2609 744 2701 qnondam
764 2607 976 2702 imperatoris
997 2606 1365 2701 Constantinopolitani,
1387 2629 1485 2700 quem

196 2773 208 2794 ο
288 2734 393 2803 frater
421 2733 493 2827 ejus
517 2741 655 2828 propter
674 2734 882 2804 ambitionem
903 2734 1034 2828 lmperii
1054 2733 1230 2818 excecavit,
1251 2733 1340 2802 venit
1359 2731 1402 2802 ad
1421 2756 1487 2803 nos

289 2859 373 2954 apud
389 2854 584 2952 Corfaut¹);
605 2857 714 2952 ibique
728 2859 867 2952 genibus
882 2859 984 2944 flexis,
1003 2861 1146 2954 profusis
1165 2861 1330 2953 lacrymis,
1350 2861 1488 2930 univer-

291 2987 421 3057 sitatem
449 2993 595 3057 nostram
619 3010 773 3068 exorans,
803 2993 963 3078 quatenus
983 2983 1290 3079 Constantinopolin
1316 2987 1490 3056 venientes

290 3135 363 3182 cum
383 3111 455 3207 ipso
476 3113 505 3182 ei
526 3113 676 3183 auxilium
695 3117 930 3206 prestaremus,
950 3119 987 3183 ut
1005 3113 1076 3207 ipse
1096 3111 1287 3184 avunculum
1303 3137 1411 3196 suum,
1432 3115 1490 3207 qui

289 3263 369 3332 erga
395 3247 523 3332 patrem
548 3262 642 3309 suum
668 3243 794 3308 tantum
821 3239 929 3309 scelus
958 3245 1225 3333 perpetraverat,
1252 3261 1400 3332 eregno
1427 3264 1492 3332 per

290 3365 438 3436 auxilium
459 3372 608 3434 nostrum
627 3364 819 3458 expelleret,
847 3365 936 3458 quod
955 3389 1016 3459 per
1035 3365 1241 3437 ambitionem
1261 3365 1324 3436 sihi
1343 3389 1490 3459 usurpa-

290 3498 383 3562 verat
402 3498 435 3562 et
453 3491 574 3582 injuste
593 3489 800 3584 possederat.

380 3619 488 3710 Super
507 3617 572 3686 hoc
590 3623 700 3686 autem
719 3617 779 3687 luit
796 3617 883 3688 inter
902 3641 963 3689 nos
983 3619 1117 3688 maxima
1132 3617 1293 3688 dissensio
1314 3625 1350 3688 et
1368 3617 1490 3712 ingens

291 3743 459 3814 tumultus.
490 3743 613 3812 Omnes
633 3744 717 3812 enim
738 3741 921 3815 clamabant
941 3745 988 3814 ire
1003 3737 1209 3838 hennom).
1230 3743 1331 3815 Pauci
1351 3744 1490 3815 fuerunt

290 3869 363 3963 plus
383 3893 478 3962 quam
497 3867 622 3961 viginti,
649 3870 703 3963 qui
723 3867 1032 3964 Constantinopolin
1052 3867 1315 3954 collaudassent;
1345 3895 1486 3966 quorum

290 3997 351 4066 tuit
375 4019 459 4066 unns
485 3985 683 4088 Marcbio³)‚
703 4019 816 4068 comes
836 3995 1073 4080 Flandriensis,
1100 4021 1213 4069 comes
1236 3991 1488 4090 hodelricus·)

317 4273 345 4346 ¹)
365 4273 490 4346 Corcyra,
504 4275 593 4338 Corlu,
606 4246 857 4332 medioe⁰Graecitati
872 4278 995 4350 Kopupo'o,
1008 4297 1029 4332 s.
1043 4277 1174 4350 Κορφούς.

317 4363 345 4434 ²)
365 4365 464 4427 bacon,
479 4365 517 4418 St.
531 4367 596 4418 Jean
610 4365 716 4419 d'bcre.

316 4453 345 4526 Ι)
364 4454 523 4518 limitamus,
535 4455 722 4510 ldontislarrati
737 4457 861 4510 marchio.

317 4541 345 4616 l)
366 4545 516 4606 balduinus,
529 4563 594 4600 com.
608 4546 722 4608 lilandr„
736 4545 892 4606 hudovicns,
909 4545 1037 4600 blesensis
1051 4562 1148 4600 comos.
