3110 5076
514 345 761 402 Pacrcnlssneu·
1151 337 1228 408 2⁰9

1 607 2 622 χ
53 521 85 584 et
100 522 214 587 nostre
233 517 419 589 sublimitati
438 515 603 587 familiaris
622 517 911 610 archicancellarii
934 515 1053 588 domini
1072 517 1228 588 lobannis

51 643 153 725 Duce;
181 646 350 739 cognitum
374 649 480 718 autern
506 646 575 716 fieri
596 651 630 714 et
648 645 803 739 congruis
822 647 961 716 secretis
980 667 1052 716 eum
1070 652 1225 738 presente

51 767 243 864 chrysubulo
271 773 399 868 lmperij
430 773 546 842 nostri.
584 772 729 860 Quorum
756 772 903 866 equidem
932 773 1072 841 omnium
1100 795 1227 844 annuus

1 926 2 1006 3
50 897 196 970 introitus
225 899 457 994 quinquaginta
490 899 580 970 libris
608 905 739 970 constat
765 921 1017 993 yperperorum,
1049 899 1228 970 secundum

52 1026 133 1116 quod
148 1049 187 1095 ex
201 1025 408 1098 tradictiouis
427 1027 562 1096 istorum
580 1027 726 1120 practico
746 1026 930 1120 composito
951 1031 1051 1118 patet.
1072 1026 1228 1112 Quamuis

1 1173 2 1212 1
51 1152 129 1220 enim
149 1159 182 1222 et
200 1177 262 1247 per
280 1152 476 1246 chrysobula
495 1151 596 1223 uerba
617 1147 813 1245 manifesti¹)
834 1152 951 1223 emboli
972 1173 1044 1222 curn
1062 1153 1229 1225 maritimis

1 1303 2 1382 i
50 1277 140 1348 scabs
166 1280 353 1350 Alemannis
380 1285 414 1348 et
441 1279 654 1372 Francigenis
674 1279 780 1350 collati
800 1281 884 1360 sint;
913 1286 1133 1364 veruntamen,
1154 1283 1228 1373 quia

53 1427 112 1474 non
143 1407 204 1476 toti
237 1405 329 1499 genti
355 1405 608 1476 Alamannorum
634 1411 669 1476 et
702 1407 995 1500 Franeigenarum,
1026 1405 1085 1476 sed
1117 1409 1228 1498 paucis

52 1531 236 1626 quibusdam
257 1533 453 1614 extorribus,
474 1539 508 1603 el
527 1532 663 1602 maxime
682 1533 875 1625 incognitis,
901 1555 962 1604 uec
981 1533 1227 1604 determinatam

51 1659 257 1752 quantitatem
281 1659 419 1753 aliquam
443 1659 577 1730 seruitio
602 1657 757 1728 Romanie
785 1658 1040 1752 imponentibus,
1069 1659 1129 1729 sed
1151 1670 1227 1730 tau·

52 1793 127 1867 mm,
150 1793 304 1877 quautam
324 1809 404 1858 casu
425 1786 576 1880 peruenit
586 1781 631 1876 ²),
658 1784 840 1855 huiusmodi
859 1783 1049 1855 beneficium
1071 1785 1228 1856 Romauie

51 1912 165 1984 lacnrm
193 1913 272 2008 luit,
300 1914 450 2007 quoniam
475 1913 607 1982 multum
633 1912 763 2005 quidem
789 1919 840 1982 est
861 1913 986 1985 lucrum
1012 1913 1060 1982 sic
1079 1911 1227 1984 embolos

51 2046 80 2110 et
101 2039 208 2111 scalas
238 2039 451 2123 habentibus,
488 2039 648 2110 modicum
682 2044 788 2110 autern
818 2045 870 2109 est
902 2039 1083 2132 proficuum
1111 2061 1150 2108 ex
1179 2040 1226 2110 eis

50 2167 201 2237 Romanie
227 2169 444 2261 prouenieus:
482 2166 717 2237 conuenienter
745 2167 915 2236 seruitium
946 2189 985 2236 ei
1014 2167 1226 2237 uniuersitate

49 2294 149 2386 gentis
173 2294 331 2364 Romanie
359 2294 559 2388 proueniens
582 2293 716 2363 seruitio
744 2315 922 2387 paucorum
956 2301 991 2364 et
1023 2315 1062 2363 ex
1096 2295 1225 2388 disper·

49 2424 136 2492 sione
167 2429 449 2515 congregatorum
474 2428 587 2491 nostra
614 2419 802 2526 excellentia
828 2422 972 2514 pretulit.
1007 2424 1050 2494 nt
1077 2423 1226 2493 uacatio-

51 2571 118 2620 nem
143 2549 276 2642 quidem
301 2547 500 2619 crisobulum
527 2569 640 2618 eorum
665 2548 808 2641 irrogat3
838 2548 983 2620 embulos
1007 2573 1087 2620 uero
1114 2571 1227 2620 eorum

52 2683 82 2744 et
103 2675 209 2746 scalas
238 2673 402 2747 Venetieis
429 2675 576 2757 confert,
608 2675 794 2745 concedens
828 2675 999 2770 possidere
1032 2677 1123 2769 ipsos
1160 2683 1226 2747 mm

52 2803 150 2872 omnia
176 2801 260 2885 alia,
293 2825 388 2896 quam
417 2809 453 2872 et
479 2802 701 2873 huiuscemodi
730 2803 897 2888 embolos,
932 2803 1109 2874 secundum
1139 2804 1227 2897 quod

0 3002 1 3017 χ
52 2935 81 2998 et
116 2951 208 3012 eum,
253 2951 348 3022 quem
395 2952 480 3000 nuuc
524 2906 665 3014 babent,
711 2929 892 3015 embolum,
935 2955 1105 3026 ponsque
1147 2953 1229 3026 erga

52 3056 218 3148 imperium
250 3065 400 3128 nostrum
430 3063 470 3136 et¹
494 3055 681 3128 Romaniam
716 3081 805 3128 suam
840 3059 1089 3130 conuentionem
1120 3059 1228 3131 inuio-

53 3183 142 3254 latam
171 3183 364 3292 custodiunt
404 3205 490 3256 nunc
519 3185 661 3255 existens
680 3185 906 3274 wnobilissimus
933 3187 1004 3256 Dur
1032 3185 1168 3261 Venetie
1195 3194 1230 3257 et

53 3318 122 3402 post
154 3331 232 3380 eum
265 3311 366 3381 futuri
401 3311 511 3381 Duces
538 3309 674 3381 Venetis
703 3319 737 3382 et
765 3314 916 3383 uniuersa
950 3313 1021 3382 eius
1047 3311 1228 3406 plenitudo,

1 3496 3 3524 ,
53 3459 109 3508 uec
141 3461 209 3510 non
240 3445 276 3509 et
299 3438 424 3520 omnia,
456 3461 518 3530 que
542 3459 603 3531 per
631 3438 879 3508 conuentionenr
906 3437 946 3508 ab
975 3437 1038 3531 hijs
1069 3439 1228 3532 promissa

55 3571 121 3634 sunt
141 3574 176 3636 et
193 3564 404 3634 iureiurando
424 3563 650 3647 corroborata,
673 3571 888 3647 conserunut;
911 3571 945 3635 et
966 3587 1092 3637 omnem
1112 3566 1230 3636 introi·

54 3695 113 3760 bum
134 3715 251 3763 eorum
273 3693 441 3785 accipere,
470 3713 668 3785 nequaquam
693 3713 711 3761 a
739 3694 818 3762 fisco
846 3693 897 3763 uel
917 3692 957 3762 ab
978 3693 1084 3786 aliqua
1109 3714 1228 3786 pereo·

56 3839 172 3900 aarum,
202 3819 320 3912 quibus
343 3817 407 3888 bec
433 3818 583 3898 attineat,
609 3823 642 3887 et
662 3817 778 3910 quibus
796 3817 858 3889 beo
877 3817 983 3889 ablata
1001 3819 1081 3913 ipsis
1100 3819 1229 3902 dantur,

56 3943 290 4016 infestationem
322 3945 461 4038 aliquam
489 3943 665 4014 manifestis
693 3943 854 4015 veneticis
885 3946 994 4016 subire
1024 3943 1228 4026 debentibus,

58 4093 242 4164 quamquam
272 4072 468 4143 monasteria
496 4071 577 4155 sint,
606 4071 676 4141 siue
703 4077 816 4142 sancte
843 4072 977 4156 domus,
1009 4079 1066 4143 aut
1092 4069 1228 4162 lmpcrlo

58 4204 164 4268 nostro
183 4199 385 4292 propinque,
413 4197 466 4268 uel
485 4197 561 4277 alie;
585 4198 736 4290 quoniam
755 4197 926 4269 elementia
945 4205 1057 4269 nostra
1078 4193 1228 4267 introitus
1333 4269 1337 4278 A

85 4551 109 4622 ¹)
126 4553 299 4607 manifesta
317 4553 351 4606 ll.
368 4553 408 4608 ΒΡ
638 4551 642 4622 Ι
693 4549 721 4622 ¹)
743 4552 901 4622 provenit
919 4553 969 4607 LP.
983 4553 1016 4607 ll.

92 4644 177 4690 Fontes.
194 4647 241 4691 ΧΠ.
451 4701 456 4716 α
982 4645 1017 4698 ll
