3110 5076
362 355 458 412 Jussro
474 372 647 412 vsunnonnnr
660 373 711 412 rao
724 373 826 412 anano.
840 373 961 412 sancra-
1176 345 1252 418 205

75 525 163 616 prius
193 551 253 619 per
286 529 540 620 suprascriptam
574 528 777 601 indictionem
810 535 979 600 venturum
1011 553 1086 600 esse
1114 528 1255 600 debeant

85 649 269 722 inVenetia.

17 875 18 880 ἵ
162 779 196 848 Si
211 779 339 871 quidem
354 782 426 875 quis
440 805 501 876 pro
514 805 572 851 sua
592 781 835 876 presumptione
854 787 1008 850 statutum
1027 781 1090 852 hoo
1108 788 1253 852 nostrum

84 911 306 999 contempnens
330 913 446 978 contra
471 905 555 978 hano
579 907 803 1003 promissionis
828 913 949 978 narum
974 908 1108 992 iecerit,
1141 931 1253 978 omnes

17 1017 18 1052 ³
83 1033 292 1124 proprietates
321 1039 480 1104 terrarum
500 1042 534 1104 et
553 1059 700 1106 casarum
719 1035 790 1104 eius
809 1041 843 1104 et
867 1035 1000 1128 insuper
1018 1041 1129 1106 cetera
1149 1037 1253 1106 omnia

83 1155 157 1228 bona
182 1159 252 1229 eius
277 1160 309 1230 in
336 1167 484 1232 nostrum
511 1185 649 1234 comune
674 1163 865 1244 deuenisnt,
892 1162 933 1232 ad
958 1160 1140 1232 faciendum
1165 1161 1252 1245 inde,

84 1285 223 1378 quioquid
247 1287 340 1358 nobis
365 1294 399 1358 et
424 1295 539 1358 nostro
565 1289 692 1360 comuni
718 1287 888 1382 placuerit.
923 1287 1048 1375 Quodsi
1076 1279 1163 1359 serui
1188 1311 1253 1358 non

17 1431 19 1500 J
82 1413 219 1483 uenerint
237 1413 279 1482 ad
298 1421 425 1508 tempus
444 1417 702 1508 prenominatum
723 1421 756 1486 et
775 1415 806 1484 in
825 1412 960 1486 Venetia
979 1437 1044 1486 non
1064 1422 1171 1497 erunt,
1191 1439 1251 1511 pro

81 1539 174 1609 seruis
194 1539 342 1611 dominos
360 1537 446 1635 pede
465 1545 646 1637 prescripto
664 1543 814 1614 uolumus
832 1542 1012 1613 subiacere.

160 1668 202 1738 Et
230 1668 293 1740 heo
320 1677 434 1742 nostra
463 1671 687 1766 promissionis
715 1677 806 1768 narta
840 1672 871 1741 in
900 1695 960 1741 sua
994 1671 1145 1742 firmitate
1174 1694 1252 1764 per-

17 1787 18 1834 ³
82 1803 207 1865 maneat.

179 1921 252 2015 Ego
272 1925 402 1994 durio
422 1925 574 1995 Mastrn
594 1927 729 2007 Petro,
750 1925 801 1994 dei
820 1926 926 2017 gratia
947 1927 1028 2008 Dux,
1048 1949 1157 1996 mmss.

17 2055 19 2124 j
160 2048 233 2142 Ego
253 2050 402 2122 Andreas
421 2052 578 2135 Dedimus,
599 2052 704 2135 iudex,
726 2075 834 2122 mmss.

17 2161 19 2194 i
158 2177 232 2266 Ego
253 2177 383 2248 Andrea
403 2178 585 2262 Soaldario,
605 2179 711 2263 iudex,
731 2202 840 2248 mmss.

17 2299 20 2356 t
158 2301 231 2393 ligo
250 2305 367 2374 Petrus
385 2305 600 2388 Badouari0s‚
621 2305 715 2376 iudex
736 2307 875 2384 comuni,
896 2329 1004 2376 mmss.

17 2439 19 2480 =
158 2427 231 2522 Ego
253 2427 364 2500 vitalis
384 2431 527 2514 Faletro‚
547 2431 640 2502 iudex
661 2456 758 2514 nom,
779 2456 887 2502 mmss.

156 2555 231 2648 Ego
251 2557 398 2628 daeobus
416 2557 504 2628 Ziani
525 2581 633 2628 mmss.

156 2681 231 2776 Ego
250 2685 363 2754 Justus
383 2684 533 2778 Mongsni
553 2709 662 2756 mmss.

155 2808 230 2902 Ego
249 2811 415 2903 Georgius
436 2809 648 2904 Uitodiuist)
668 2835 776 2881 mmss.

156 2935 230 3030 Ego
250 2937 438 3009 Dominious
457 2938 592 3008 Sanudo
612 2961 721 3008 mmss.

155 3063 230 3156 Ego
251 3061 384 3134 Widota
401 3065 505 3135 Janne
522 3087 632 3134 mmss.

17 3269 19 3278 Ι
155 3187 230 3282 Ego
249 3187 363 3258 Vitalis
382 3189 511 3274 Bomoi,
531 3191 709 3262 camerario
729 3190 870 3272 comuni,
889 3213 999 3260 mmss.

17 3337 19 3408 4
156 3315 230 3408 Ego
249 3313 417 3408 iohannes
435 3317 567 3402 Baroci,
587 3325 756 3401 annuatur,
777 3333 886 3386 mmss.

156 3439 231 3534 Ego
251 3441 419 3514 Johannos
438 3443 567 3528 Vitiosi,
588 3451 746 3515 auocator
765 3444 905 3527 comuni,
925 3465 1035 3514 mmss.

17 3579 19 3672 ξ
155 3567 230 3663 Ego
249 3570 406 3641 Steianus
425 3571 540 3654 Calho,
561 3577 720 3641 auocator
739 3571 879 3652 oomuni,
899 3593 1007 3640 mmss.

17 3733 18 3794 p
155 3696 229 3790 Ego
250 3696 392 3789 Raphael
413 3697 537 3779 Roiani,
558 3697 756 3768 camararius
771 3697 911 3779 comuni,
926 3719 1036 3768 mmss.

17 3865 18 3884 ι
155 3823 230 3917 Ego
250 3821 541 3906 vitalianorum,
562 3831 722 3894 auocator
740 3823 880 3906 comuni,
900 3847 1009 3896 mmss.

17 3997 18 4000 =
154 3949 229 4044 Ego
248 3949 394 4022 Jaoohus
413 3949 640 4044 Cayrodusft)
660 3973 769 4022 mmss.

17 4047 18 4064 ἵ
155 4077 229 4170 Ego
250 4077 369 4148 Petrus
390 4076 431 4147 de
449 4077 559 4172 Magia
576 4101 685 4148 mmss.

155 4201 229 4298 Ego
249 4203 439 4275 Dominious
459 4203 640 4276 Taruisano
660 4227 768 4276 mmss.

156 4328 230 4424 Ego
249 4331 456 4424 Pagratieoio
469 4329 537 4424 (i)
557 4336 631 4401 ttss.

156 4459 229 4552 Ego
249 4459 369 4529 Petrus
388 4457 535 4529 Jordano
554 4466 629 4529 ttss.

156 4584 229 4682 Ego
249 4587 332 4656 Otto
360 4583 402 4654 da
428 4583 549 4656 Molino
576 4591 650 4656 ttss.
