3110 5076
437 371 676 430 Gunrsosnnnrun
690 375 797 428 lsnsorr
810 374 870 428 lrun¹
1167 365 1241 436 199

65 543 224 628 Venetici,
253 544 295 617 de
319 552 458 640 quatuor
481 553 569 631 tres,
598 545 777 618 secundnm
800 545 889 639 quod
912 547 1061 639 superius
1088 553 1243 618 statutum

8 739 10 760 ,
66 680 123 756 cst,
142 697 218 745 curn
237 682 272 746 ct
289 675 458 746 manifesta
476 697 572 769 roga.

145 803 264 885 Item,
291 805 319 873 si
343 805 482 898 Imperio
502 827 616 874 eorum
635 803 766 898 expedit
783 802 930 874 auxilium
948 802 989 874 ad
1008 802 1243 874 deffensionem

8 959 10 988 ;
65 938 149 1000 terre
174 930 375 1001 celsitudinis
400 953 513 1002 eorum
536 931 579 1001 ob
603 930 741 1026 aliquem
768 930 968 1002 inimicorum
994 930 1027 999 in
1055 929 1243 1001 Romaniam

65 1059 289 1151 ingressurum
308 1082 382 1130 cunr
400 1059 503 1153 galeis
522 1057 738 1153 qradraginta
756 1058 808 1129 uel
826 1058 983 1151 pluribus,
1010 1063 1043 1129 et
1061 1059 1243 1152 nequiuerit

65 1186 229 1259 Venetiam
257 1187 384 1258 mittere
412 1211 473 1282 pro
501 1188 681 1270 adiutorio,
715 1186 812 1258 debet
846 1185 1056 1280 imperatoria
1083 1185 1242 1257 celsitudo

8 1399 9 1408 ἵ
66 1313 219 1388 inducere
232 1316 274 1386 ad
288 1316 522 1388 deffensionem
534 1323 625 1387 terre
643 1315 773 1410 lurperij
794 1335 906 1385 eorum
926 1320 1042 1387 contra
1059 1313 1244 1386 huiusmodi

8 1487 10 1544 5
65 1443 224 1530 inimicum
265 1437 489 1537 venerisne),
529 1445 560 1514 in
600 1465 717 1537 magna
753 1443 835 1514 urbe
870 1443 1021 1515 uidelicet
1062 1449 1096 1514 et
1134 1442 1242 1515 circha

8 1567 9 1660 ζ
66 1594 132 1642 eam
146 1573 336 1656 existentes,
356 1595 472 1644 uersus
488 1578 594 1643 ortum
608 1578 642 1642 et
653 1595 770 1642 uersus
785 1593 950 1655 occasum,
972 1578 1006 1642 et
1023 1571 1063 1642 ab
1083 1595 1120 1642 ea
1140 1593 1242 1664 usque

66 1699 201 1770 Auidum
222 1706 256 1770 et
274 1700 306 1769 in
326 1698 439 1770 eadem
459 1701 589 1771 ciuitate
613 1697 758 1770 similiter
779 1700 951 1783 inuentos,
977 1721 1039 1770 nec
1064 1721 1129 1768 non
1153 1704 1187 1768 et
1210 1697 1243 1766 in

66 1829 178 1910 terris,
206 1849 270 1920 que
290 1829 372 1898 infra
394 1835 470 1899 sunt
495 1851 597 1922 usque
617 1825 888 1922 Phyladelplryam
907 1833 941 1898 et
959 1827 991 1897 iu
1010 1827 1079 1920 ipsa
1098 1825 1242 1908 ciuitate,

8 1967 9 2022 ἶ
69 1961 99 2025 et
115 1979 223 2050 usque
242 1955 487 2050 Adrianopolim
506 1967 539 2026 et
556 1956 589 2025 iu
609 1979 648 2026 ea
666 1954 813 2026 similiter
832 1955 1019 2037 existentes,
1045 1951 1086 2024 de
1105 1957 1243 2047 quatuor

66 2088 150 2165 tres,
180 2106 254 2154 cum
282 2089 333 2154 tot
360 2082 484 2155 scilicet
511 2083 632 2176 galeis,
661 2089 741 2176 quot
768 2105 893 2153 armare
920 2086 1093 2176 poterunt,
1121 2079 1244 2150 inuenti

8 2239 10 2334 q
68 2213 245 2284 secundum
264 2213 486 2306 supradictum
505 2213 662 2296 ordinem,
683 2235 754 2284 cum
774 2219 807 2284 et
826 2212 995 2284 manifesta
1013 2233 1108 2304 roga.

154 2341 226 2411 Tali
255 2343 364 2434 itaque
389 2341 487 2412 modo
516 2317 636 2433 tallque
661 2340 775 2412 ordine
799 2334 993 2431 iuuabunt²)
1013 2345 1047 2409 et
1065 2335 1244 2408 defendent

68 2469 253 2541 domanium
272 2467 418 2539 Venetici
445 2473 559 2539 contra
583 2489 710 2538 ornnem
736 2467 896 2537 hominem
916 2471 1106 2536 coronatum
1126 2471 1160 2534 et
1177 2486 1243 2535 non

70 2603 273 2680 coronatum,
300 2602 334 2666 et
352 2601 467 2666 contra
488 2617 615 2665 omnem
635 2600 777 2688 gentem,
806 2584 1010 2685 nulentenr³l
1034 2591 1146 2664 ledere
1167 2615 1247 2675 eam,

70 2724 248 2797 secundum
267 2721 354 2818 quod
374 2723 523 2818 superius
543 2729 709 2794 ostensum
729 2729 798 2806 est,
825 2721 913 2792 salua
931 2727 1038 2792 tamen
1059 2719 1247 2804 concordia,

71 2877 162 2947 quam
178 2875 252 2925 cnm
271 2851 481 2923 nobillissimo
500 2873 583 2944 rege
598 2850 785 2921 Alemannis
798 2847 931 2932 habent,
952 2871 1122 2942 quousque
1141 2847 1248 2918 disso-

71 2981 133 3052 luta
158 3003 227 3051 non
252 2979 361 3050 luerit.
391 2979 566 3073 Postquam
591 2999 672 3048 nero
698 2975 855 3048 dissoluta
872 2975 988 3060 luserit,
1017 2975 1116 3046 dehet
1134 2975 1248 3045 cadem

8 3147 9 3198 q
73 3117 102 3180 et
114 3114 233 3181 contro
247 3129 360 3201 regern
376 3106 563 3177 Alemannis
580 3107 690 3176 lacere
707 3127 768 3198 pro
788 3105 925 3198 Imperio
944 3127 1057 3174 eorum
1077 3111 1111 3173 et
1128 3103 1249 3172 Roma-

8 3331 10 3342 1
73 3239 132 3321 nis,
151 3245 188 3308 et
206 3236 296 3307 salua
315 3235 532 3306 conuentione
553 3230 822 3330 finternentione]
830 3224 863 3324 ⁴)
882 3232 966 3302 inter
984 3223 1197 3322 Veneticos⁵l
1217 3235 1251 3301 et

8 3373 9 3376 ’
73 3364 310 3436 nobillissiurunr
329 3383 444 3456 regern
462 3355 609 3454 Sicilie⁶)
628 3359 807 3432 Vilielmnm
826 3359 931 3441 lacta,
957 3381 1019 3452 que
1044 3357 1250 3452 protenditur

74 3515 172 3586 usqne
193 3493 224 3562 in
246 3513 349 3563 annos
369 3495 495 3586 septem
520 3497 553 3561 et
571 3511 700 3560 menses
718 3511 850 3573 nouem,
877 3465 1111 3582 computandos
1127 3485 1249 3580 aprin-

75 3621 152 3716 cipio
178 3620 324 3712 ,lanuarij
352 3619 471 3689 mensis
495 3618 659 3714 presentis
684 3623 775 3689 sexte
799 3616 992 3688 indictionis.
1021 3614 1249 3685 Verumtamen

8 3749 9 3826 s
76 3753 106 3818 et
131 3753 249 3819 contra
278 3769 391 3840 regem
419 3747 547 3830 Sicilie,
580 3744 847 3840 quandocumque
875 3745 945 3838 ipse
973 3741 1251 3836 argumentabitur

8 3895 10 3964 l
78 3875 242 3946 offendere
266 3875 454 3946 Romaniam
478 3873 562 3944 intra
587 3895 690 3944 annos
716 3871 943 3944 conuentionis
971 3872 1055 3941 inter
1074 3891 1133 3939 eos
1151 3869 1250 3950 lacte,

8 4033 10 4064 ι
76 4005 203 4076 uenient
220 4001 366 4074 Venetici
390 4003 474 4073 infra
492 4007 633 4096 quatuor
654 4023 783 4072 menses
802 4005 878 4094 post
896 3999 1002 4070 datam
1021 3995 1144 4068 dehoc
1163 3995 1252 4066 noti-

80 4131 154 4203 ciam
167 4131 251 4204 Duci
269 4132 309 4203 als
328 4129 466 4226 Imperio
486 4153 601 4202 eorum
618 4128 753 4204 Venetia
772 4128 812 4201 ad
832 4125 1046 4200 adiuuandum
1064 4124 1253 4198 Romaniam

102 4415 476 4487 ¹)iniurieosinneutoe
495 4417 528 4472 ld.
661 4421 664 4514 q
713 4411 1067 4487 *)intsrrenisntsll.

99 4504 304 4580 ²)inratuut
323 4506 357 4560 ld.
661 4519 664 4539 ³
715 4499 1251 4578 ⁵)cumvenetlcisacinterldl.

100 4595 352 4670 ⁸lculentemll
661 4542 665 4648 l
715 4591 978 4668 ⁶)Seieilienas.
