3110 5076
405 387 499 442 Error.
515 385 607 439 lunoc.
620 383 653 438 lll
665 401 702 439 aa
715 385 801 440 Pana.
814 386 902 441 cun.
1161 379 1236 450 227

594 554 716 626 LXXX.

347 681 533 746 lnoceutlm
549 679 590 744 lll
607 679 747 744 trudensi
763 679 958 746 lotrlorohoo.

450 803 480 857 Α.
498 803 523 856 d.
544 803 622 864 lisa,
642 802 684 856 dia
704 803 729 855 h.
747 819 779 855 m.
799 803 858 856 ldai.

155 915 356 1000 Epistolarum
381 915 604 979 lnnocentii
628 913 665 976 lll
687 913 752 977 lib.
770 915 792 988 Ι,
810 937 856 1000 ep.
876 916 950 993 133,
973 917 1011 980 Τ.
1028 917 1049 988 l,
1075 937 1103 1002 p.
1122 917 1174 990 75,
1192 917 1238 980 ed.

66 1026 289 1110 Stephanus
313 1023 501 1089 Baluzius.

157 1135 194 1198 Ut
206 1135 343 1198 decimas
359 1155 379 1196 c
394 1133 455 1198 sihi
468 1135 616 1198 sohicctis
627 1134 837 1220 parochianis
851 1135 998 1222 recipici,
1015 1135 1076 1200 etsi
1091 1133 1240 1200 hactenus

65 1244 119 1306 arrh
136 1243 212 1306 olir'a
228 1243 386 1330 episcopis
403 1243 595 1308 habitarunt.

154 1376 190 1444 Si
211 1375 339 1468 quando
360 1399 377 1446 a
396 1375 550 1444 iratribus
570 1382 603 1444 et
617 1375 821 1468 coepiscopis
840 1376 961 1445 nostris
981 1399 999 1444 a
1019 1375 1112 1445 nohis
1130 1375 1242 1468 requi-

66 1503 167 1586 ritur,
195 1501 320 1594 quoda
345 1501 474 1573 tramite
498 1501 632 1572 rationis
658 1525 722 1572 non
747 1501 873 1585 deuiet,
894 1525 1005 1572 eorum
1032 1503 1242 1596 postulationi

67 1629 193 1698 facilem
218 1653 278 1700 nos
303 1629 458 1700 conuenit
482 1627 640 1722 praehere
665 1651 879 1713 consensum,
906 1635 941 1701 ut
960 1653 1000 1700 eo
1019 1629 1135 1699 lortius
1155 1629 1242 1700 circa

1 1817 2 1838 ἶ
67 1755 246 1847 injunctum
266 1755 326 1826 sihi
342 1755 483 1826 officium
496 1755 662 1824 intendere
678 1755 816 1838 valeant,
836 1761 870 1824 et
887 1757 918 1826 in
938 1763 1050 1828 nostra
1069 1756 1242 1828 devotione

66 1882 256 1974 persistere,
272 1905 336 1974 quo
357 1905 393 1951 se
412 1905 430 1951 a
449 1881 543 1950 nohis
562 1881 733 1973 benignius
752 1905 791 1952 ac
804 1882 943 1953 celerius
961 1885 1123 1954 senserint
1142 1907 1241 1953 exau·

1 2055 2 2098 3
66 2007 162 2078 ditos.
193 2009 271 2079 lnde
293 2015 356 2090 est,
378 2007 475 2102 quod,
497 2031 570 2078 oum
593 2007 772 2078 Ecclesiam
795 2009 898 2080 saneti
920 2003 1136 2102 Achindani¹)
1156 2011 1242 2105 apud

67 2135 382 2228 Constantinopolim
400 2141 435 2204 te
458 2135 578 2205 hahere
602 2158 784 2228 proponas,
811 2137 938 2230 quidam
963 2139 1241 2232 suffraganeorum

1 2287 2 2304 ¹
67 2269 199 2333 tuorum
227 2261 369 2332 decimas
394 2283 413 2330 a
436 2262 642 2353 parochianis
667 2264 808 2333 eiusdem
833 2263 1019 2349 Ecclesiae,
1047 2266 1099 2357 qui
1119 2264 1242 2336 deluis

67 2390 214 2482 partibus
233 2389 275 2460 ad
294 2387 428 2458 eandem
451 2389 637 2482 parochiam
656 2413 754 2483 saepe
770 2389 930 2462 domicilia
954 2392 1171 2475 transierunt,
1200 2415 1238 2462 ea

67 2516 241 2586 occasione
268 2515 426 2586 instanter
452 2517 640 2609 requirunt,
681 2517 754 2610 quia
780 2523 891 2612 patres
920 2542 1054 2602 eorum,
1089 2519 1138 2590 avi
1175 2520 1242 2589 siue

67 2644 197 2734 proavi,
225 2641 367 2712 decimas
385 2643 463 2735 ipsis
481 2642 653 2735 aliquando
672 2643 968 2736 persolverunt,'et
987 2647 1025 2718 ad
1045 2647 1132 2740 ipsas
1151 2645 1242 2716 deci·

68 2792 134 2838 mas
162 2769 404 2861 extorquendas
430 2793 658 2862 nonnunquam
683 2795 760 2841 suos
778 2773 916 2842 vicarios
939 2774 1160 2843 transmittere
1177 2795 1242 2842 non

68 2895 260 2977 formidant;
289 2919 353 2965 non
373 2897 589 2979 attendentes,
610 2897 708 2990 quod,
735 2897 810 2967 licet
828 2898 901 2991 ipsi,
921 2901 1109 2994 parochiani
1129 2923 1242 2970 eorum

68 3022 240 3114 aliquando
255 3023 387 3106 fuerint,
408 3047 445 3092 ex
459 3047 523 3116 quo
538 3047 574 3094 se
588 3023 628 3093 ad
646 3023 779 3093 alienam
793 3024 979 3117 parochiam
993 3027 1241 3111 transtulerunt,

69 3173 195 3220 manum
215 3173 280 3218 non
300 3149 376 3220 licet
394 3151 541 3242 cuiquam
566 3151 596 3218 in
620 3173 756 3220 messem
776 3153 903 3222 mittere
922 3153 1069 3222 alienam.
1100 3154 1240 3246 Ideoque

70 3301 126 3347 nos
146 3273 348 3346 indemnitati
367 3283 432 3348 tuae
452 3277 577 3348 solicite
596 3277 767 3370 providere
786 3279 944 3363 volentes,
963 3280 1156 3351 fraternitati
1176 3287 1240 3353 tuae

1 3485 2 3494 q
70 3404 288 3497 praesentium
308 3405 502 3474 auctoritate
522 3403 742 3486 concedimus,
762 3413 798 3475 ut
815 3406 911 3476 liceat
928 3407 986 3476 tihi
1002 3431 1019 3476 a
1034 3407 1241 3500 parochianis

1 3501 2 3534 ἶ
70 3531 286 3623 praescriptae
300 3530 467 3601 Ecclesiae
481 3537 555 3601 tuae
576 3530 663 3600 beati
678 3530 866 3616 Achindani,
886 3555 951 3604 non
972 3533 1134 3615 obstante,
1153 3533 1241 3628 quod

72 3681 178 3728 eorum
194 3663 423 3728 antecessores
441 3658 614 3750 praedictis
628 3659 841 3752 suffraganeis
860 3660 935 3744 tuis,
955 3661 1030 3731 dum
1049 3663 1080 3730 in
1100 3663 1243 3754 ipsorum

71 3781 1243 3883 parochiapermanehant,decimaspersolveruut‚liheredecimasperei-

72 3933 143 4000 pere
153 3917 187 3980 et
197 3915 324 3991 tenere,
339 3910 542 3981 nihilominus
553 3913 648 3982 etiam
659 3909 714 4002 jus
725 3913 951 3998 conuentuale,
965 3917 1053 4010 quod
1068 3918 1098 3987 in
1109 3916 1242 4011 capellis

75 4035 235 4106 Ecclesiae
247 4037 509 4130 praenominatae
523 4039 580 4108 tihi
592 4037 714 4130 dejure
724 4039 890 4131 competit,
906 4041 977 4112 sine
986 4045 1244 4117 contradictione

2 4157 4 4222 l
75 4162 241 4233 cuiuslibet
256 4161 296 4232 de
311 4163 505 4234 auctoritate
525 4170 637 4236 nostra
657 4163 764 4234 valeas
784 4189 948 4237 exercere.
969 4167 1053 4238 Nulli
1074 4193 1156 4262 ergo
1177 4177 1241 4241 etc.

175 4289 292 4360 Datum
327 4289 426 4359 Roure
461 4289 547 4384 apud
586 4295 734 4362 sanctum
773 4295 903 4364 Petrum
940 4294 991 4366 lv.
1032 4295 1117 4366 Non.
1158 4296 1246 4390 hlaij.

78 4413 283 4488 Pontificatus
302 4419 407 4488 nostri
427 4441 511 4490 anno
530 4419 645 4510 primo.

105 4589 129 4658 ¹)
146 4589 208 4643 llide
221 4605 247 4658 p.
261 4589 304 4642 67.
