3110 5076
278 387 413 440 Domitio!
425 385 542 441 luerem
556 402 704 442 DBDlllssle
719 401 749 440 ΙΝ
763 384 1040 442 consolabiliorem·
1175 373 1249 447 1⁷⁷

60 556 255 628 continetur
281 556 447 652 exemplo,
475 557 615 652 ideoque
635 581 707 629 meo
727 559 861 654 proprio
881 557 990 652 sigillo
1010 557 1115 652 ipsum
1134 579 1253 630 corro-

60 681 182 753 boraui
201 683 413 755 demandato
434 683 552 755 domini
571 685 685 757 iacobi
700 685 848 778 Teupuli‚
868 683 968 756 incliti
986 683 1086 754 Ducis
1101 683 1254 767 venecia,

62 815 225 882 currente
251 833 335 883 anuo
361 812 481 882 domini
507 813 610 882 nostri
634 812 736 884 ihesu
756 811 875 883 Christi
906 811 1073 882 millesimo
1094 809 1255 882 ducente·

63 937 149 1008 simo
177 937 429 1032 quadragesimo
458 945 571 1024 serto,
600 961 712 1010 mense
735 938 831 1034 blaij,
860 939 1037 1011 indictione
1065 945 1190 1032 quarta.
1221 940 1256 1010 lo

66 1063 189 1159 palatio
209 1065 357 1137 Dueotus
376 1065 528 1138 Veneoic.

609 1302 718 1374 LXIX.

70 1461 241 1526 λιΙιΙοιι
263 1461 408 1526 latinus
433 1461 580 1544 premittit
607 1480 726 1526 mrsu
754 1479 808 1544 prs
836 1461 962 1544 quein
990 1467 1074 1524 tem
1100 1460 1202 1543 postte
1227 1461 1261 1524 tr

200 1570 458 1653 constantinopol!
474 1569 597 1634 lerrlee
614 1570 759 1650 Daniele,
776 1571 965 1636 letrlarcbne
981 1569 1133 1637 tirniemt.

483 1729 513 1784 Α.
527 1728 552 1783 d·
566 1729 647 1794 fles,
664 1745 696 1784 m.
709 1729 853 1784 Februarii.

1 1898 2 1958 j
164 1877 211 1942 Ex
226 1878 356 1942 Archino
378 1875 572 1941 Patrierchali
594 1875 771 1941 edlllam.
790 1875 990 1942 Cornelio
1013 1875 1132 1942 Decies.
1153 1875 1261 1942 Venet.

76 1985 144 2052 dec.
162 1985 214 2059 lv,
230 2007 260 2070 p.
278 1987 317 2052 81
338 1985 391 2073 (Τ.
409 1983 475 2072 lll).

168 2155 205 2225 ln
231 2153 370 2224 Nomine
393 2153 521 2223 Domini
548 2152 606 2224 Dei
634 2159 667 2224 et
695 2153 875 2225 Salvatoris
900 2152 1014 2225 Nostri
1032 2157 1111 2226 Jesu
1132 2151 1263 2226 Christi.
1361 2221 1367 2230 .

79 2283 174 2354 Anno
200 2281 328 2352 Domini
352 2281 520 2352 millesimo
548 2281 728 2357 centesimo
749 2283 974 2376 octuagesimo
999 2281 1122 2366 tercio,
1146 2279 1266 2352 mensis

80 2409 263 2494 Februarii,
283 2409 462 2481 indictione
480 2408 637 2494 secunda,
658 2408 920 2479 Goraraurmorour.

170 2537 366 2608 Promittere
392 2538 549 2629 promitto
575 2537 649 2630 Ego
677 2536 805 2630 quidem
831 2535 870 2607 D.
896 2537 1085 2608 Dominicus
1109 2535 1268 2610 Jubiauus

83 2665 124 2736 de
134 2665 274 2736 confinio
286 2663 399 2734 Sancti
409 2663 521 2735 Vitalis
533 2688 605 2736 cum
616 2665 695 2734 meis
705 2664 880 2736 heredibus
894 2665 963 2749 tibi,
978 2687 1117 2758 namque
1129 2662 1269 2736 iohanni

83 2791 244 2872 Dandulo‚
264 2789 329 2861 lilio
344 2815 397 2886 qn.
414 2789 506 2862 Vitali
524 2790 660 2862 Daoduli
681 2791 721 2862 de
740 2793 881 2864 confinio
901 2791 1012 2863 Sancti
1031 2792 1133 2876 Luce,
1155 2797 1189 2862 et
1206 2790 1270 2860 tuis

86 2915 278 2998 heredibus,
309 2915 397 3010 quod
422 2917 538 2988 amodo
563 2918 594 2989 in
620 2925 713 2989 antea
739 2918 901 3012 usquead
922 2941 1018 2989 unum
1041 2941 1158 2990 annum
1179 2939 1272 2988 com-

88 3043 218 3136 pletum,
246 3043 374 3114 scilicet
392 3066 496 3136 usque
514 3044 554 3114 ad
574 3043 727 3115 kalendas
745 3045 856 3115 Marcii
876 3046 1022 3139 proxime
1042 3053 1193 3116 venturae
1213 3065 1273 3137 per

90 3171 295 3242 indictionem
311 3171 452 3254 tertiam,
468 3171 572 3264 ipsum
587 3171 814 3265 ergasterium,
833 3173 974 3266 positum
993 3171 1047 3243 hic
1060 3172 1093 3242 in
1109 3172 1272 3243 Constan-

90 3297 220 3393 tinopoli
240 3299 272 3368 iu
292 3297 398 3379 scala,
427 3321 490 3390 que
508 3305 644 3370 vocatur
664 3299 855 3392 Cacegalla‚
875 3299 961 3370 iuter
978 3299 1215 3393 ergasterium,
1241 3297 1273 3365 iu

9 3513 11 3530 1
94 3448 152 3517 quo
172 3447 258 3496 nunc
277 3431 386 3496 manet
410 3425 539 3496 ltlarcue
558 3425 710 3509 Damolo‚
737 3433 960 3508 atomorum,
987 3426 1074 3519 qnod
1094 3426 1168 3496 milri
1189 3447 1272 3496 eon-

10 3531 11 3594 3
96 3553 217 3622 cessisti
236 3575 338 3647 usque
353 3551 394 3622 ad
408 3573 503 3623 unum
523 3575 640 3622 annum
660 3551 857 3646 completum
876 3575 936 3646 per
955 3552 1178 3624 concessionis
1197 3576 1274 3623 ear·

97 3683 164 3761 tam,
183 3703 280 3776 quam
294 3679 368 3749 mihi
383 3679 459 3750 inde
471 3679 536 3750 hoc
549 3681 772 3775 suprascripto
792 3703 903 3752 mense
921 3681 1027 3750 iecisti
1045 3703 1106 3773 per
1124 3681 1275 3752 virtutem

12 3771 15 3908 l,
99 3807 183 3878 unius
201 3808 439 3879 commissionis
458 3814 578 3891 cartae,
600 3831 693 3900 mam
708 3807 865 3879 Dominus
878 3814 991 3879 noster
1005 3807 1166 3896 Henricus
1184 3807 1275 3878 Dau-

13 3965 15 4030 p
101 3931 185 4005 dulus
215 3935 271 4006 tibi
300 3935 400 4017 lecit,
435 3933 595 4005 incolume
622 3935 766 4006 retinere
794 3933 930 4006 debeam
958 3957 1062 4027 usque
1090 3935 1131 4004 ad
1159 3957 1276 4028 supra-

14 4039 16 4068 *
103 4064 249 4157 scriptum
277 4063 449 4132 terminum
478 4063 572 4132 unius
601 4063 694 4146 anni,
723 4067 861 4155 excepto
890 4059 1041 4132 incendio
1069 4067 1103 4132 ct
1126 4061 1278 4132 violentia

103 4187 137 4258 D.
155 4191 379 4284 imperatoris,
408 4195 442 4260 et
460 4190 509 4261 sic
528 4189 689 4260 incolume
706 4197 822 4260 tenere
841 4214 901 4284 per
919 4212 987 4272 me,
1014 4187 1064 4259 vel
1088 4212 1150 4284 per
1173 4211 1277 4260 meum

107 4317 245 4401 missum,
273 4318 330 4388 tibi
358 4319 406 4388 vel
427 4325 482 4389 tuo
503 4318 602 4388 misso
622 4317 726 4412 ipsum
747 4317 962 4410 ergasterium
981 4315 1123 4386 reddere
1143 4316 1279 4388 debeam

108 4443 218 4540 absque
237 4445 323 4515 omui
343 4445 518 4517 occasione
537 4452 592 4516 ant
611 4444 705 4517 nullis
724 4443 924 4552 interpositis
949 4442 1115 4537 capitulis,
1142 4449 1279 4538 excepto

109 4571 241 4663 periculo
262 4571 400 4643 incendii
421 4578 455 4643 et
472 4571 625 4643 violentia
644 4571 863 4665 imperatoris.

137 4693 219 4742 rossa.
237 4695 284 4740 ru.
1030 4690 1066 4745 12
