<?xml version="1.0" encoding="UTF-8"?>
<!DOCTYPE html PUBLIC "-//W3C//DTD XHTML 1.0 Transitional//EN"
    "http://www.w3.org/TR/xhtml1/DTD/xhtml1-transitional.dtd">
<html xmlns="http://www.w3.org/1999/xhtml" xml:lang="en" lang="en">
 <head>
  <title>
</title>
<meta http-equiv="Content-Type" content="text/html;charset=utf-8" />
  <meta name='ocr-system' content='tesseract 3.04.00' />
  <meta name='ocr-capabilities' content='ocr_page ocr_carea ocr_par ocr_line ocrx_word'/>
</head>
<body>
  <div class='ocr_page' id='page_1' title='image "./fontesrerumaust07kommgoog_0447.png"; bbox 0 0 3110 5080; ppageno 0'>
   <div class='ocr_carea' id='block_1_1' title="bbox 304 352 1235 424">
    <p class='ocr_par' dir='ltr' id='par_1_1' title="bbox 304 352 1235 424">
     <span class='ocr_line' id='line_1_1' title="bbox 304 352 1235 424; baseline -0.008 0"><span class='ocrx_word' id='word_1_1' title='bbox 304 352 380 424; x_wconf 64' lang='lat'>424</span> <span class='ocrx_word' id='word_1_2' title='bbox 544 362 663 419; x_wconf 70' lang='lat' dir='ltr'>PACTUH</span> <span class='ocrx_word' id='word_1_3' title='bbox 676 363 778 420; x_wconf 68' lang='grc' dir='ltr'><strong>ᾹΒΙΧΙΙ</strong></span> <span class='ocrx_word' id='word_1_4' title='bbox 791 363 823 418; x_wconf 75' lang='grc' dir='ltr'><strong>Π</strong></span> <span class='ocrx_word' id='word_1_5' title='bbox 836 381 873 420; x_wconf 70' lang='grc' dir='ltr'>ΕΤ</span> <span class='ocrx_word' id='word_1_6' title='bbox 886 361 1062 420; x_wconf 66' lang='lat' dir='ltr'>VENHOBUH</span> <span class='ocrx_word' id='word_1_7' title='bbox 1076 379 1235 418; x_wconf 70' lang='lat' dir='ltr'>l&#39;l&#39;nA&#39;l&#39;Ubi·</span> 
     </span>
    </p>
   </div>
   <div class='ocr_carea' id='block_1_2' title="bbox 303 531 1546 2905">
    <p class='ocr_par' dir='ltr' id='par_1_2' title="bbox 303 531 1546 754">
     <span class='ocr_line' id='line_1_2' title="bbox 304 531 1546 634; baseline 0 -32"><span class='ocrx_word' id='word_1_8' title='bbox 304 533 457 616; x_wconf 85' lang='lat' dir='ltr'>Venetis,</span> <span class='ocrx_word' id='word_1_9' title='bbox 486 534 516 603; x_wconf 92' lang='lat' dir='ltr'>in</span> <span class='ocrx_word' id='word_1_10' title='bbox 542 533 690 605; x_wconf 75' lang='lat' dir='ltr'><strong>domibus</strong></span> <span class='ocrx_word' id='word_1_11' title='bbox 718 541 752 606; x_wconf 89' lang='lat' dir='ltr'>et</span> <span class='ocrx_word' id='word_1_12' title='bbox 774 534 806 605; x_wconf 91' lang='lat' dir='ltr'>in</span> <span class='ocrx_word' id='word_1_13' title='bbox 826 535 972 606; x_wconf 93' lang='lat' dir='ltr'>omnibus</span> <span class='ocrx_word' id='word_1_14' title='bbox 996 531 1258 627; x_wconf 78' lang='lat' dir='ltr'>possessionibus</span> <span class='ocrx_word' id='word_1_15' title='bbox 1283 534 1368 618; x_wconf 86' lang='lat' dir='ltr'>suis,</span> <span class='ocrx_word' id='word_1_16' title='bbox 1394 533 1490 603; x_wconf 89' lang='lat' dir='ltr'>sicut</span> <span class='ocrx_word' id='word_1_17' title='bbox 1545 595 1546 634; x_wconf 53' lang='lat'>,</span> 
     </span>
     <span class='ocr_line' id='line_1_3' title="bbox 303 661 1046 754; baseline 0.002 -24"><span class='ocrx_word' id='word_1_18' title='bbox 303 661 434 732; x_wconf 86' lang='lat' dir='ltr'>fuerunt</span> <span class='ocrx_word' id='word_1_19' title='bbox 454 683 494 730; x_wconf 91' lang='lat' dir='ltr'>eo</span> <span class='ocrx_word' id='word_1_20' title='bbox 512 666 672 754; x_wconf 86' lang='lat' dir='ltr'>tempore,</span> <span class='ocrx_word' id='word_1_21' title='bbox 692 685 754 754; x_wconf 90' lang='lat' dir='ltr'>quo</span> <span class='ocrx_word' id='word_1_22' title='bbox 774 661 848 732; x_wconf 89' lang='lat' dir='ltr'>inde</span> <span class='ocrx_word' id='word_1_23' title='bbox 867 663 1046 733; x_wconf 82' lang='lat' dir='ltr'>exiuerunt.</span> 
     </span>
    </p>

    <p class='ocr_par' dir='ltr' id='par_1_3' title="bbox 303 785 1487 1373">
     <span class='ocr_line' id='line_1_4' title="bbox 396 785 1486 882; baseline 0 -26"><span class='ocrx_word' id='word_1_24' title='bbox 396 785 536 858; x_wconf 84' lang='lat' dir='ltr'>Obsides</span> <span class='ocrx_word' id='word_1_25' title='bbox 560 794 668 858; x_wconf 86' lang='lat' dir='ltr'>autem</span> <span class='ocrx_word' id='word_1_26' title='bbox 694 787 819 860; x_wconf 87' lang='lat' dir='ltr'>dabunt</span> <span class='ocrx_word' id='word_1_27' title='bbox 835 789 992 860; x_wconf 79' lang='lat' dir='ltr'>dadrntini</span> <span class='ocrx_word' id='word_1_28' title='bbox 1011 813 1030 860; x_wconf 90' lang='lat' dir='ltr'>a</span> <span class='ocrx_word' id='word_1_29' title='bbox 1047 789 1181 882; x_wconf 84' lang='lat' dir='ltr'>triginta</span> <span class='ocrx_word' id='word_1_30' title='bbox 1199 793 1233 858; x_wconf 88' lang='lat' dir='ltr'>et</span> <span class='ocrx_word' id='word_1_31' title='bbox 1251 787 1353 872; x_wconf 84' lang='lat' dir='ltr'>infra,</span> <span class='ocrx_word' id='word_1_32' title='bbox 1379 811 1486 880; x_wconf 89' lang='lat' dir='ltr'>super</span> 
     </span>
     <span class='ocr_line' id='line_1_5' title="bbox 305 913 1487 1010; baseline -0.002 -26"><span class='ocrx_word' id='word_1_33' title='bbox 305 915 391 1008; x_wconf 92' lang='lat' dir='ltr'>quod</span> <span class='ocrx_word' id='word_1_34' title='bbox 410 913 552 985; x_wconf 90' lang='lat' dir='ltr'>uoluerit</span> <span class='ocrx_word' id='word_1_35' title='bbox 570 913 716 984; x_wconf 90' lang='lat' dir='ltr'>dominns</span> <span class='ocrx_word' id='word_1_36' title='bbox 735 913 817 997; x_wconf 85' lang='lat' dir='ltr'>Dur,</span> <span class='ocrx_word' id='word_1_37' title='bbox 837 915 891 986; x_wconf 93' lang='lat' dir='ltr'>uel</span> <span class='ocrx_word' id='word_1_38' title='bbox 910 916 963 1010; x_wconf 88' lang='lat' dir='ltr'>qni</span> <span class='ocrx_word' id='word_1_39' title='bbox 983 915 1045 986; x_wconf 86' lang='lat' dir='ltr'>erit</span> <span class='ocrx_word' id='word_1_40' title='bbox 1063 939 1123 1009; x_wconf 91' lang='lat' dir='ltr'>pro</span> <span class='ocrx_word' id='word_1_41' title='bbox 1144 938 1183 985; x_wconf 92' lang='lat' dir='ltr'>eo</span> <span class='ocrx_word' id='word_1_42' title='bbox 1203 921 1237 984; x_wconf 89' lang='lat' dir='ltr'>et</span> <span class='ocrx_word' id='word_1_43' title='bbox 1255 937 1349 986; x_wconf 90' lang='lat' dir='ltr'>suum</span> <span class='ocrx_word' id='word_1_44' title='bbox 1368 915 1487 986; x_wconf 90' lang='lat' dir='ltr'>consi-</span> 
     </span>
     <span class='ocr_line' id='line_1_6' title="bbox 303 1039 1487 1134; baseline 0 -25"><span class='ocrx_word' id='word_1_45' title='bbox 303 1040 378 1112; x_wconf 91' lang='lat' dir='ltr'>lium</span> <span class='ocrx_word' id='word_1_46' title='bbox 404 1039 457 1111; x_wconf 89' lang='lat' dir='ltr'>uel</span> <span class='ocrx_word' id='word_1_47' title='bbox 485 1041 588 1111; x_wconf 88' lang='lat' dir='ltr'>maior</span> <span class='ocrx_word' id='word_1_48' title='bbox 612 1063 705 1133; x_wconf 87' lang='lat' dir='ltr'>pars,</span> <span class='ocrx_word' id='word_1_49' title='bbox 732 1047 765 1112; x_wconf 88' lang='lat' dir='ltr'>et</span> <span class='ocrx_word' id='word_1_50' title='bbox 789 1063 871 1134; x_wconf 90' lang='lat' dir='ltr'>quos</span> <span class='ocrx_word' id='word_1_51' title='bbox 898 1041 1055 1126; x_wconf 88' lang='lat' dir='ltr'>uoluerit,</span> <span class='ocrx_word' id='word_1_52' title='bbox 1083 1047 1269 1112; x_wconf 87' lang='lat' dir='ltr'>moraturos</span> <span class='ocrx_word' id='word_1_53' title='bbox 1294 1065 1428 1134; x_wconf 82' lang='lat' dir='ltr'>semper</span> <span class='ocrx_word' id='word_1_54' title='bbox 1453 1041 1487 1110; x_wconf 94' lang='lat' dir='ltr'>in</span> 
     </span>
     <span class='ocr_line' id='line_1_7' title="bbox 305 1165 1487 1261; baseline 0 -25"><span class='ocrx_word' id='word_1_55' title='bbox 305 1165 438 1238; x_wconf 86' lang='lat' dir='ltr'>Venetia</span> <span class='ocrx_word' id='word_1_56' title='bbox 456 1166 497 1237; x_wconf 93' lang='lat' dir='ltr'>ad</span> <span class='ocrx_word' id='word_1_57' title='bbox 516 1165 707 1259; x_wconf 83' lang='lat' dir='ltr'>expendium</span> <span class='ocrx_word' id='word_1_58' title='bbox 724 1166 979 1249; x_wconf 79' lang='lat' dir='ltr'>Jadratinorum3</span> <span class='ocrx_word' id='word_1_59' title='bbox 1008 1175 1042 1239; x_wconf 90' lang='lat' dir='ltr'>et</span> <span class='ocrx_word' id='word_1_60' title='bbox 1060 1169 1087 1238; x_wconf 92' lang='lat' dir='ltr'>si</span> <span class='ocrx_word' id='word_1_61' title='bbox 1106 1189 1219 1238; x_wconf 88' lang='lat' dir='ltr'>corum</span> <span class='ocrx_word' id='word_1_62' title='bbox 1239 1167 1354 1261; x_wconf 89' lang='lat' dir='ltr'>aliquis</span> <span class='ocrx_word' id='word_1_63' title='bbox 1374 1189 1487 1237; x_wconf 88' lang='lat' dir='ltr'>more-</span> 
     </span>
     <span class='ocr_line' id='line_1_8' title="bbox 307 1291 912 1373; baseline 0.002 -10"><span class='ocrx_word' id='word_1_64' title='bbox 307 1299 411 1373; x_wconf 82' lang='lat' dir='ltr'>retur,</span> <span class='ocrx_word' id='word_1_65' title='bbox 432 1291 554 1363; x_wconf 91' lang='lat' dir='ltr'>dabunt</span> <span class='ocrx_word' id='word_1_66' title='bbox 572 1293 667 1363; x_wconf 91' lang='lat' dir='ltr'>alium</span> <span class='ocrx_word' id='word_1_67' title='bbox 686 1293 718 1363; x_wconf 93' lang='lat' dir='ltr'>in</span> <span class='ocrx_word' id='word_1_68' title='bbox 737 1292 811 1364; x_wconf 86' lang='lat' dir='ltr'>loeo</span> <span class='ocrx_word' id='word_1_69' title='bbox 831 1294 912 1364; x_wconf 89' lang='lat' dir='ltr'>eius.</span> 
     </span>
    </p>

    <p class='ocr_par' dir='ltr' id='par_1_4' title="bbox 305 1413 1487 2124">
     <span class='ocr_line' id='line_1_9' title="bbox 395 1413 1487 1514; baseline 0.002 -26"><span class='ocrx_word' id='word_1_70' title='bbox 395 1417 586 1513; x_wconf 85' lang='lat' dir='ltr'>Dabuntque</span> <span class='ocrx_word' id='word_1_71' title='bbox 608 1419 765 1490; x_wconf 81' lang='lat' dir='ltr'>dadratini</span> <span class='ocrx_word' id='word_1_72' title='bbox 791 1425 909 1491; x_wconf 84' lang='lat' dir='ltr'>terram</span> <span class='ocrx_word' id='word_1_73' title='bbox 936 1419 1039 1504; x_wconf 88' lang='lat' dir='ltr'>illam,</span> <span class='ocrx_word' id='word_1_74' title='bbox 1069 1413 1170 1514; x_wconf 87' lang='lat' dir='ltr'>que¹)</span> <span class='ocrx_word' id='word_1_75' title='bbox 1191 1421 1226 1490; x_wconf 89' lang='lat' dir='ltr'>P.</span> <span class='ocrx_word' id='word_1_76' title='bbox 1247 1421 1288 1491; x_wconf 88' lang='lat' dir='ltr'>de</span> <span class='ocrx_word' id='word_1_77' title='bbox 1306 1419 1431 1491; x_wconf 82' lang='lat' dir='ltr'>Jadsra</span> <span class='ocrx_word' id='word_1_78' title='bbox 1451 1429 1487 1490; x_wconf 87' lang='lat' dir='ltr'>et</span> 
     </span>
     <span class='ocr_line' id='line_1_10' title="bbox 305 1545 1487 1641; baseline 0.001 -26"><span class='ocrx_word' id='word_1_79' title='bbox 305 1545 415 1618; x_wconf 82' lang='lat' dir='ltr'>fratris</span> <span class='ocrx_word' id='word_1_80' title='bbox 440 1546 528 1630; x_wconf 87' lang='lat' dir='ltr'>eius,</span> <span class='ocrx_word' id='word_1_81' title='bbox 555 1553 590 1616; x_wconf 92' lang='lat' dir='ltr'>ut</span> <span class='ocrx_word' id='word_1_82' title='bbox 614 1545 657 1616; x_wconf 93' lang='lat' dir='ltr'>ibi</span> <span class='ocrx_word' id='word_1_83' title='bbox 682 1545 795 1616; x_wconf 88' lang='lat' dir='ltr'>domus</span> <span class='ocrx_word' id='word_1_84' title='bbox 822 1545 896 1628; x_wconf 80' lang='lat' dir='ltr'>fiat3</span> <span class='ocrx_word' id='word_1_85' title='bbox 926 1547 957 1616; x_wconf 90' lang='lat' dir='ltr'>in</span> <span class='ocrx_word' id='word_1_86' title='bbox 982 1570 1045 1640; x_wconf 87' lang='lat' dir='ltr'>que</span> <span class='ocrx_word' id='word_1_87' title='bbox 1063 1549 1181 1619; x_wconf 83' lang='lat' dir='ltr'>Comes</span> <span class='ocrx_word' id='word_1_88' title='bbox 1207 1547 1342 1641; x_wconf 89' lang='lat' dir='ltr'>quisque</span> <span class='ocrx_word' id='word_1_89' title='bbox 1366 1547 1487 1617; x_wconf 85' lang='lat' dir='ltr'>debeat</span> 
     </span>
     <span class='ocr_line' id='line_1_11' title="bbox 305 1671 1484 1768; baseline 0 -24"><span class='ocrx_word' id='word_1_90' title='bbox 305 1671 467 1755; x_wconf 85' lang='lat' dir='ltr'>habitare;</span> <span class='ocrx_word' id='word_1_91' title='bbox 495 1695 588 1768; x_wconf 89' lang='lat' dir='ltr'>quam</span> <span class='ocrx_word' id='word_1_92' title='bbox 616 1674 642 1743; x_wconf 91' lang='lat' dir='ltr'>si</span> <span class='ocrx_word' id='word_1_93' title='bbox 668 1695 879 1768; x_wconf 87' lang='lat' dir='ltr'>possessores</span> <span class='ocrx_word' id='word_1_94' title='bbox 906 1673 953 1744; x_wconf 89' lang='lat' dir='ltr'>sic</span> <span class='ocrx_word' id='word_1_95' title='bbox 982 1673 1061 1746; x_wconf 87' lang='lat' dir='ltr'>dare</span> <span class='ocrx_word' id='word_1_96' title='bbox 1089 1675 1269 1757; x_wconf 84' lang='lat' dir='ltr'>noluerint,</span> <span class='ocrx_word' id='word_1_97' title='bbox 1294 1673 1484 1767; x_wconf 88' lang='lat' dir='ltr'>prouidebit</span> 
     </span>
     <span class='ocr_line' id='line_1_12' title="bbox 306 1797 1487 1892; baseline -0.001 -21"><span class='ocrx_word' id='word_1_98' title='bbox 306 1801 353 1871; x_wconf 92' lang='lat' dir='ltr'>eis</span> <span class='ocrx_word' id='word_1_99' title='bbox 378 1797 525 1870; x_wconf 90' lang='lat' dir='ltr'>dominus</span> <span class='ocrx_word' id='word_1_100' title='bbox 545 1797 818 1892; x_wconf 79' lang='lat' dir='ltr'>Archiepiscopus</span> <span class='ocrx_word' id='word_1_101' title='bbox 847 1805 881 1870; x_wconf 93' lang='lat' dir='ltr'>et</span> <span class='ocrx_word' id='word_1_102' title='bbox 899 1799 1018 1871; x_wconf 84' lang='lat' dir='ltr'>Comes</span> <span class='ocrx_word' id='word_1_103' title='bbox 1037 1807 1071 1872; x_wconf 89' lang='lat' dir='ltr'>et</span> <span class='ocrx_word' id='word_1_104' title='bbox 1090 1799 1257 1884; x_wconf 89' lang='lat' dir='ltr'>consules,</span> <span class='ocrx_word' id='word_1_105' title='bbox 1286 1801 1340 1870; x_wconf 89' lang='lat' dir='ltr'>uel</span> <span class='ocrx_word' id='word_1_106' title='bbox 1355 1801 1487 1891; x_wconf 88' lang='lat' dir='ltr'>judices</span> 
     </span>
     <span class='ocr_line' id='line_1_13' title="bbox 306 1925 1487 2022; baseline 0.001 -26"><span class='ocrx_word' id='word_1_107' title='bbox 306 1925 460 2008; x_wconf 87' lang='lat' dir='ltr'>ciuitatis,</span> <span class='ocrx_word' id='word_1_108' title='bbox 482 1931 538 1996; x_wconf 93' lang='lat' dir='ltr'>aut</span> <span class='ocrx_word' id='word_1_109' title='bbox 552 1948 663 1996; x_wconf 87' lang='lat' dir='ltr'>eorum</span> <span class='ocrx_word' id='word_1_110' title='bbox 681 1927 782 1996; x_wconf 87' lang='lat' dir='ltr'>maior</span> <span class='ocrx_word' id='word_1_111' title='bbox 800 1945 889 2020; x_wconf 88' lang='lat' dir='ltr'>pars,</span> <span class='ocrx_word' id='word_1_112' title='bbox 909 1927 941 1997; x_wconf 95' lang='lat' dir='ltr'>in</span> <span class='ocrx_word' id='word_1_113' title='bbox 960 1927 1173 2012; x_wconf 79' lang='lat' dir='ltr'>comcambio,</span> <span class='ocrx_word' id='word_1_114' title='bbox 1194 1927 1278 1998; x_wconf 90' lang='lat' dir='ltr'>sicut</span> <span class='ocrx_word' id='word_1_115' title='bbox 1297 1927 1487 2022; x_wconf 87' lang='lat' dir='ltr'>apparuerit</span> 
     </span>
     <span class='ocr_line' id='line_1_14' title="bbox 309 2051 612 2124; baseline -0.01 0"><span class='ocrx_word' id='word_1_116' title='bbox 309 2076 382 2124; x_wconf 87' lang='lat' dir='ltr'>esse</span> <span class='ocrx_word' id='word_1_117' title='bbox 401 2051 612 2123; x_wconf 89' lang='lat' dir='ltr'>conueniens.</span> 
     </span>
    </p>

    <p class='ocr_par' dir='ltr' id='par_1_5' title="bbox 307 2177 1488 2905">
     <span class='ocr_line' id='line_1_15' title="bbox 395 2177 1486 2274; baseline 0 -26"><span class='ocrx_word' id='word_1_118' title='bbox 395 2177 556 2249; x_wconf 81' lang='lat' dir='ltr'>durabunt</span> <span class='ocrx_word' id='word_1_119' title='bbox 579 2184 686 2250; x_wconf 87' lang='lat' dir='ltr'>autem</span> <span class='ocrx_word' id='word_1_120' title='bbox 713 2186 747 2249; x_wconf 91' lang='lat' dir='ltr'>et</span> <span class='ocrx_word' id='word_1_121' title='bbox 766 2179 887 2250; x_wconf 81' lang='lat' dir='ltr'>Comes</span> <span class='ocrx_word' id='word_1_122' title='bbox 915 2185 949 2250; x_wconf 89' lang='lat' dir='ltr'>et</span> <span class='ocrx_word' id='word_1_123' title='bbox 976 2179 1149 2274; x_wconf 81' lang='lat' dir='ltr'>antepositi</span> <span class='ocrx_word' id='word_1_124' title='bbox 1177 2181 1209 2250; x_wconf 95' lang='lat' dir='ltr'>in</span> <span class='ocrx_word' id='word_1_125' title='bbox 1237 2181 1346 2274; x_wconf 90' lang='lat' dir='ltr'>aliquo</span> <span class='ocrx_word' id='word_1_126' title='bbox 1376 2179 1486 2250; x_wconf 83' lang='lat' dir='ltr'>officio</span> 
     </span>
     <span class='ocr_line' id='line_1_16' title="bbox 307 2305 1488 2400; baseline -0.003 -23"><span class='ocrx_word' id='word_1_127' title='bbox 307 2305 448 2377; x_wconf 86' lang='lat' dir='ltr'>ciuitatis</span> <span class='ocrx_word' id='word_1_128' title='bbox 475 2311 509 2377; x_wconf 92' lang='lat' dir='ltr'>et</span> <span class='ocrx_word' id='word_1_129' title='bbox 536 2307 755 2399; x_wconf 90' lang='lat' dir='ltr'>unusquisque</span> <span class='ocrx_word' id='word_1_130' title='bbox 781 2307 914 2400; x_wconf 90' lang='lat' dir='ltr'>insuper</span> <span class='ocrx_word' id='word_1_131' title='bbox 937 2331 998 2400; x_wconf 88' lang='lat' dir='ltr'>pro</span> <span class='ocrx_word' id='word_1_132' title='bbox 1023 2308 1231 2400; x_wconf 86' lang='lat' dir='ltr'>suocapite,</span> <span class='ocrx_word' id='word_1_133' title='bbox 1256 2306 1304 2377; x_wconf 89' lang='lat' dir='ltr'>sic</span> <span class='ocrx_word' id='word_1_134' title='bbox 1323 2329 1360 2376; x_wconf 89' lang='lat' dir='ltr'>se</span> <span class='ocrx_word' id='word_1_135' title='bbox 1381 2306 1488 2377; x_wconf 91' lang='lat' dir='ltr'>omnia</span> 
     </span>
     <span class='ocr_line' id='line_1_17' title="bbox 307 2431 1486 2525; baseline -0.003 -22"><span class='ocrx_word' id='word_1_136' title='bbox 307 2440 515 2514; x_wconf 85' lang='lat' dir='ltr'>seruaturos,</span> <span class='ocrx_word' id='word_1_137' title='bbox 550 2433 611 2502; x_wconf 90' lang='lat' dir='ltr'>nisi</span> <span class='ocrx_word' id='word_1_138' title='bbox 648 2433 842 2502; x_wconf 80' lang='lat' dir='ltr'>remanserit</span> <span class='ocrx_word' id='word_1_139' title='bbox 878 2455 938 2525; x_wconf 89' lang='lat' dir='ltr'>per</span> <span class='ocrx_word' id='word_1_140' title='bbox 970 2431 1133 2503; x_wconf 92' lang='lat' dir='ltr'>dominum</span> <span class='ocrx_word' id='word_1_141' title='bbox 1165 2433 1290 2502; x_wconf 80' lang='lat' dir='ltr'>Ducem</span> <span class='ocrx_word' id='word_1_142' title='bbox 1323 2431 1375 2502; x_wconf 85' lang='lat' dir='ltr'>uel</span> <span class='ocrx_word' id='word_1_143' title='bbox 1407 2431 1486 2502; x_wconf 86' lang='lat' dir='ltr'>iilius</span> 
     </span>
     <span class='ocr_line' id='line_1_18' title="bbox 308 2557 1486 2653; baseline -0.002 -25"><span class='ocrx_word' id='word_1_144' title='bbox 308 2581 466 2652; x_wconf 90' lang='lat' dir='ltr'>persone,</span> <span class='ocrx_word' id='word_1_145' title='bbox 497 2559 550 2652; x_wconf 93' lang='lat' dir='ltr'>qui</span> <span class='ocrx_word' id='word_1_146' title='bbox 581 2559 643 2630; x_wconf 85' lang='lat' dir='ltr'>erit</span> <span class='ocrx_word' id='word_1_147' title='bbox 670 2581 730 2652; x_wconf 90' lang='lat' dir='ltr'>pro</span> <span class='ocrx_word' id='word_1_148' title='bbox 760 2583 814 2642; x_wconf 90' lang='lat' dir='ltr'>eo,</span> <span class='ocrx_word' id='word_1_149' title='bbox 845 2565 880 2629; x_wconf 89' lang='lat' dir='ltr'>et</span> <span class='ocrx_word' id='word_1_150' title='bbox 905 2559 1035 2630; x_wconf 90' lang='lat' dir='ltr'>maioris</span> <span class='ocrx_word' id='word_1_151' title='bbox 1063 2559 1165 2652; x_wconf 87' lang='lat' dir='ltr'>partis</span> <span class='ocrx_word' id='word_1_152' title='bbox 1191 2561 1240 2628; x_wconf 90' lang='lat' dir='ltr'>sui</span> <span class='ocrx_word' id='word_1_153' title='bbox 1267 2559 1408 2653; x_wconf 88' lang='lat' dir='ltr'>consilij.</span> <span class='ocrx_word' id='word_1_154' title='bbox 1445 2557 1486 2626; x_wconf 85' lang='lat' dir='ltr'>Et</span> 
     </span>
     <span class='ocr_line' id='line_1_19' title="bbox 308 2683 1486 2780; baseline -0.001 -24"><span class='ocrx_word' id='word_1_155' title='bbox 308 2685 464 2756; x_wconf 79' lang='lat' dir='ltr'>dadratini</span> <span class='ocrx_word' id='word_1_156' title='bbox 484 2685 598 2756; x_wconf 91' lang='lat' dir='ltr'>sintin</span> <span class='ocrx_word' id='word_1_157' title='bbox 618 2683 766 2768; x_wconf 85' lang='lat' dir='ltr'>Venetia,</span> <span class='ocrx_word' id='word_1_158' title='bbox 792 2685 840 2757; x_wconf 92' lang='lat' dir='ltr'>sic</span> <span class='ocrx_word' id='word_1_159' title='bbox 860 2691 893 2755; x_wconf 89' lang='lat' dir='ltr'>et</span> <span class='ocrx_word' id='word_1_160' title='bbox 912 2687 942 2756; x_wconf 93' lang='lat' dir='ltr'>in</span> <span class='ocrx_word' id='word_1_161' title='bbox 963 2686 1110 2758; x_wconf 92' lang='lat' dir='ltr'>omnibus</span> <span class='ocrx_word' id='word_1_162' title='bbox 1130 2685 1201 2778; x_wconf 87' lang='lat' dir='ltr'>alijs</span> <span class='ocrx_word' id='word_1_163' title='bbox 1219 2687 1385 2780; x_wconf 86' lang='lat' dir='ltr'>partibus,</span> <span class='ocrx_word' id='word_1_164' title='bbox 1404 2686 1486 2756; x_wconf 87' lang='lat' dir='ltr'>sicut</span> 
     </span>
     <span class='ocr_line' id='line_1_20' title="bbox 309 2812 934 2905; baseline 0.003 -25"><span class='ocrx_word' id='word_1_165' title='bbox 309 2812 399 2904; x_wconf 86' lang='lat' dir='ltr'>pacis</span> <span class='ocrx_word' id='word_1_166' title='bbox 419 2818 566 2905; x_wconf 87' lang='lat' dir='ltr'>tempore</span> <span class='ocrx_word' id='word_1_167' title='bbox 586 2835 660 2882; x_wconf 87' lang='lat' dir='ltr'>esse</span> <span class='ocrx_word' id='word_1_168' title='bbox 681 2819 934 2884; x_wconf 89' lang='lat' dir='ltr'>consueuerant.</span> 
     </span>
    </p>
   </div>
   <div class='ocr_carea' id='block_1_3' title="bbox 852 2993 947 3064">
    <p class='ocr_par' dir='ltr' id='par_1_6' title="bbox 852 2993 947 3064">
     <span class='ocr_line' id='line_1_21' title="bbox 852 2993 947 3064; baseline -0.021 0"><span class='ocrx_word' id='word_1_169' title='bbox 852 2993 947 3064; x_wconf 86' lang='lat' dir='ltr'>uvu.</span> 
     </span>
    </p>
   </div>
   <div class='ocr_carea' id='block_1_4' title="bbox 311 3114 1487 3288">
    <p class='ocr_par' dir='ltr' id='par_1_7' title="bbox 311 3114 1487 3288">
     <span class='ocr_line' id='line_1_22' title="bbox 311 3114 1487 3202; baseline -0.003 -21"><span class='ocrx_word' id='word_1_170' title='bbox 311 3117 426 3181; x_wconf 71' lang='lat' dir='ltr'>iacun</span> <span class='ocrx_word' id='word_1_171' title='bbox 438 3117 532 3180; x_wconf 76' lang='lat' dir='ltr'>blaxii</span> <span class='ocrx_word' id='word_1_172' title='bbox 544 3115 590 3186; x_wconf 82' lang='lat' dir='ltr'>u,</span> <span class='ocrx_word' id='word_1_173' title='bbox 603 3114 709 3180; x_wconf 71' lang='lat' dir='ltr'>isuadi</span> <span class='ocrx_word' id='word_1_174' title='bbox 722 3115 791 3200; x_wconf 75' lang='lat' dir='ltr'>inp.</span> <span class='ocrx_word' id='word_1_175' title='bbox 806 3115 876 3196; x_wconf 78' lang='lat' dir='ltr'>dili,</span> <span class='ocrx_word' id='word_1_176' title='bbox 895 3122 926 3180; x_wconf 89' lang='lat' dir='ltr'>et</span> <span class='ocrx_word' id='word_1_177' title='bbox 938 3116 1112 3181; x_wconf 75' lang='lat' dir='ltr'>tensum</span> <span class='ocrx_word' id='word_1_178' title='bbox 1127 3117 1164 3180; x_wconf 82' lang='lat' dir='ltr'>dc</span> <span class='ocrx_word' id='word_1_179' title='bbox 1180 3118 1384 3202; x_wconf 69' lang='lat' dir='ltr'>recuperande</span> <span class='ocrx_word' id='word_1_180' title='bbox 1400 3135 1487 3198; x_wconf 71' lang='lat' dir='ltr'>regne</span> 
     </span>
     <span class='ocr_line' id='line_1_23' title="bbox 778 3223 1028 3288; baseline 0 0"><span class='ocrx_word' id='word_1_181' title='bbox 778 3223 875 3288; x_wconf 78' lang='lat' dir='ltr'>dress</span> <span class='ocrx_word' id='word_1_182' title='bbox 892 3225 1028 3288; x_wconf 73' lang='lat' dir='ltr'>iteretur.</span> 
     </span>
    </p>
   </div>
   <div class='ocr_carea' id='block_1_5' title="bbox 725 3343 1077 3417">
    <p class='ocr_par' dir='ltr' id='par_1_8' title="bbox 725 3343 1077 3417">
     <span class='ocr_line' id='line_1_24' title="bbox 725 3343 1077 3417; baseline 0 -17"><span class='ocrx_word' id='word_1_183' title='bbox 725 3347 756 3400; x_wconf 80' lang='lat' dir='ltr'>d.</span> <span class='ocrx_word' id='word_1_184' title='bbox 769 3347 794 3400; x_wconf 91' lang='lat' dir='ltr'>d.</span> <span class='ocrx_word' id='word_1_185' title='bbox 809 3347 887 3403; x_wconf 76' lang='lat'>1203.</span> <span class='ocrx_word' id='word_1_186' title='bbox 907 3343 1077 3417; x_wconf 67' lang='lat' dir='ltr'>Corcyreo.</span> 
     </span>
    </p>
   </div>
   <div class='ocr_carea' id='block_1_6' title="bbox 311 3455 1487 3651">
    <p class='ocr_par' dir='ltr' id='par_1_9' title="bbox 311 3455 1487 3651">
     <span class='ocr_line' id='line_1_25' title="bbox 399 3455 1487 3542; baseline 0.001 -22"><span class='ocrx_word' id='word_1_187' title='bbox 399 3457 558 3521; x_wconf 81' lang='lat' dir='ltr'>Wilksn.</span> <span class='ocrx_word' id='word_1_188' title='bbox 577 3457 755 3538; x_wconf 81' lang='lat' dir='ltr'>Kreuaadge</span> <span class='ocrx_word' id='word_1_189' title='bbox 770 3459 804 3521; x_wconf 84' lang='grc' dir='ltr'>Τ.</span> <span class='ocrx_word' id='word_1_190' title='bbox 823 3458 854 3528; x_wconf 77' lang='lat'>5,</span> <span class='ocrx_word' id='word_1_191' title='bbox 871 3479 899 3542; x_wconf 95' lang='lat' dir='ltr'>p.</span> <span class='ocrx_word' id='word_1_192' title='bbox 920 3457 1000 3530; x_wconf 76' lang='grc'><strong>194.</strong></span> <span class='ocrx_word' id='word_1_193' title='bbox 1025 3463 1086 3520; x_wconf 88' lang='lat' dir='ltr'>not.</span> <span class='ocrx_word' id='word_1_194' title='bbox 1105 3461 1135 3522; x_wconf 84' lang='lat'>9.</span> <span class='ocrx_word' id='word_1_195' title='bbox 1159 3455 1343 3538; x_wconf 80' lang='lat' dir='ltr'>Hugonis,</span> <span class='ocrx_word' id='word_1_196' title='bbox 1366 3457 1487 3524; x_wconf 81' lang='lat' dir='ltr'>Comitis</span> 
     </span>
     <span class='ocr_line' id='line_1_26' title="bbox 311 3563 1238 3651; baseline -0.003 -20"><span class='ocrx_word' id='word_1_197' title='bbox 311 3567 343 3631; x_wconf 90' lang='lat' dir='ltr'>S.</span> <span class='ocrx_word' id='word_1_198' title='bbox 362 3565 453 3640; x_wconf 80' lang='lat' dir='ltr'>Pauli,</span> <span class='ocrx_word' id='word_1_199' title='bbox 473 3567 592 3650; x_wconf 79' lang='lat' dir='ltr'>epistol.</span> <span class='ocrx_word' id='word_1_200' title='bbox 610 3587 699 3651; x_wconf 89' lang='lat' dir='ltr'>supra</span> <span class='ocrx_word' id='word_1_201' title='bbox 716 3567 824 3631; x_wconf 86' lang='lat' dir='ltr'>iaudat.</span> <span class='ocrx_word' id='word_1_202' title='bbox 843 3567 879 3631; x_wconf 87' lang='lat' dir='ltr'>ab</span> <span class='ocrx_word' id='word_1_203' title='bbox 897 3567 992 3640; x_wconf 89' lang='lat' dir='ltr'>initio,</span> <span class='ocrx_word' id='word_1_204' title='bbox 1009 3585 1098 3650; x_wconf 86' lang='lat' dir='ltr'>supra</span> <span class='ocrx_word' id='word_1_205' title='bbox 1116 3587 1145 3650; x_wconf 87' lang='lat' dir='ltr'>p.</span> <span class='ocrx_word' id='word_1_206' title='bbox 1164 3563 1238 3630; x_wconf 79' lang='lat'><strong>304.</strong></span> 
     </span>
    </p>
   </div>
   <div class='ocr_carea' id='block_1_7' title="bbox 851 3733 959 3806">
    <p class='ocr_par' dir='ltr' id='par_1_10' title="bbox 851 3733 959 3806">
     <span class='ocr_line' id='line_1_27' title="bbox 851 3733 959 3806; baseline -0.019 0"><span class='ocrx_word' id='word_1_207' title='bbox 851 3733 959 3806; x_wconf 80' lang='lat' dir='ltr'>cvm.</span> 
     </span>
    </p>
   </div>
   <div class='ocr_carea' id='block_1_8' title="bbox 425 3857 1377 4053">
    <p class='ocr_par' dir='ltr' id='par_1_11' title="bbox 425 3857 1377 4053">
     <span class='ocr_line' id='line_1_28' title="bbox 425 3857 1377 3944; baseline -0.002 -22"><span class='ocrx_word' id='word_1_208' title='bbox 425 3857 522 3922; x_wconf 76' lang='lat' dir='ltr'>bitere</span> <span class='ocrx_word' id='word_1_209' title='bbox 537 3859 701 3924; x_wconf 74' lang='lat' dir='ltr'>iunocentii</span> <span class='ocrx_word' id='word_1_210' title='bbox 717 3876 794 3944; x_wconf 81' lang='lat' dir='ltr'>pepe</span> <span class='ocrx_word' id='word_1_211' title='bbox 810 3877 864 3942; x_wconf 85' lang='lat' dir='ltr'>pre</span> <span class='ocrx_word' id='word_1_212' title='bbox 881 3859 1007 3923; x_wconf 77' lang='lat' dir='ltr'>ecclesis</span> <span class='ocrx_word' id='word_1_213' title='bbox 1022 3860 1116 3923; x_wconf 79' lang='lat' dir='ltr'>saneti</span> <span class='ocrx_word' id='word_1_214' title='bbox 1133 3859 1221 3922; x_wconf 77' lang='lat' dir='ltr'>leret</span> <span class='ocrx_word' id='word_1_215' title='bbox 1238 3859 1275 3922; x_wconf 89' lang='lat' dir='ltr'>de</span> <span class='ocrx_word' id='word_1_216' title='bbox 1292 3857 1377 3939; x_wconf 66' lang='lat' dir='ltr'>ipre.</span> 
     </span>
     <span class='ocr_line' id='line_1_29' title="bbox 687 3977 1109 4053; baseline -0.002 -18"><span class='ocrx_word' id='word_1_217' title='bbox 687 3977 1109 4053; x_wconf 57' lang='lat' dir='ltr'>nmmummmm</span> 
     </span>
    </p>
   </div>
   <div class='ocr_carea' id='block_1_9' title="bbox 311 4086 1484 4285">
    <p class='ocr_par' dir='ltr' id='par_1_12' title="bbox 311 4086 1484 4285">
     <span class='ocr_line' id='line_1_30' title="bbox 398 4086 1484 4164; baseline -0.003 -14"><span class='ocrx_word' id='word_1_218' title='bbox 398 4087 464 4151; x_wconf 84' lang='lat' dir='ltr'>Lib.</span> <span class='ocrx_word' id='word_1_219' title='bbox 484 4089 548 4152; x_wconf 80' lang='lat' dir='ltr'>dib.</span> <span class='ocrx_word' id='word_1_220' title='bbox 565 4089 615 4153; x_wconf 84' lang='lat' dir='ltr'>soi.</span> <span class='ocrx_word' id='word_1_221' title='bbox 636 4089 709 4153; x_wconf 78' lang='lat'><strong>159.</strong></span> <span class='ocrx_word' id='word_1_222' title='bbox 733 4091 799 4154; x_wconf 82' lang='lat' dir='ltr'>Lib.</span> <span class='ocrx_word' id='word_1_223' title='bbox 817 4091 897 4154; x_wconf 88' lang='lat' dir='ltr'>Paet.</span> <span class='ocrx_word' id='word_1_224' title='bbox 916 4091 938 4162; x_wconf 85' lang='grc'>1,</span> <span class='ocrx_word' id='word_1_225' title='bbox 962 4092 1020 4164; x_wconf 79' lang='lat'>52;</span> <span class='ocrx_word' id='word_1_226' title='bbox 1045 4089 1086 4164; x_wconf 87' lang='lat' dir='ltr'>ll,</span> <span class='ocrx_word' id='word_1_227' title='bbox 1111 4089 1184 4154; x_wconf 75' lang='lat'>146.</span> <span class='ocrx_word' id='word_1_228' title='bbox 1215 4089 1317 4154; x_wconf 83' lang='lat' dir='ltr'>Edidit</span> <span class='ocrx_word' id='word_1_229' title='bbox 1340 4086 1484 4153; x_wconf 81' lang='lat' dir='ltr'>Coraci.</span> 
     </span>
     <span class='ocr_line' id='line_1_31' title="bbox 311 4195 1483 4285; baseline 0.001 -27"><span class='ocrx_word' id='word_1_230' title='bbox 311 4195 463 4262; x_wconf 82' lang='lat' dir='ltr'>Flamin.</span> <span class='ocrx_word' id='word_1_231' title='bbox 488 4195 605 4262; x_wconf 79' lang='lat' dir='ltr'>Euclea.</span> <span class='ocrx_word' id='word_1_232' title='bbox 634 4199 740 4262; x_wconf 86' lang='lat' dir='ltr'>Venet.</span> <span class='ocrx_word' id='word_1_233' title='bbox 769 4199 835 4262; x_wconf 88' lang='lat' dir='ltr'>dec.</span> <span class='ocrx_word' id='word_1_234' title='bbox 864 4197 941 4269; x_wconf 83' lang='lat' dir='ltr'>Xiil,</span> <span class='ocrx_word' id='word_1_235' title='bbox 974 4199 1004 4262; x_wconf 87' lang='lat' dir='ltr'>P.</span> <span class='ocrx_word' id='word_1_236' title='bbox 1034 4199 1060 4270; x_wconf 88' lang='lat' dir='ltr'>l,</span> <span class='ocrx_word' id='word_1_237' title='bbox 1090 4219 1157 4283; x_wconf 84' lang='lat' dir='ltr'>pag.</span> <span class='ocrx_word' id='word_1_238' title='bbox 1182 4200 1263 4276; x_wconf 81' lang='lat'>223,</span> <span class='ocrx_word' id='word_1_239' title='bbox 1291 4199 1348 4263; x_wconf 87' lang='lat' dir='ltr'>bac</span> <span class='ocrx_word' id='word_1_240' title='bbox 1373 4197 1483 4285; x_wconf 92' lang='lat' dir='ltr'>quidem</span> 
     </span>
    </p>
   </div>
   <div class='ocr_carea' id='block_1_10' title="bbox 346 4375 558 4447">
    <p class='ocr_par' dir='ltr' id='par_1_13' title="bbox 346 4375 558 4447">
     <span class='ocr_line' id='line_1_32' title="bbox 346 4375 558 4447; baseline 0.019 -19"><span class='ocrx_word' id='word_1_241' title='bbox 346 4375 558 4447; x_wconf 60' lang='lat' dir='ltr'>omnm</span> 
     </span>
    </p>
   </div>
   <div class='ocr_carea' id='block_1_11' title="bbox 336 4465 1486 4630">
    <p class='ocr_par' dir='ltr' id='par_1_14' title="bbox 336 4465 1486 4630">
     <span class='ocr_line' id='line_1_33' title="bbox 336 4465 1486 4549; baseline 0.002 -31"><span class='ocrx_word' id='word_1_242' title='bbox 336 4465 364 4538; x_wconf 77' lang='lat'>³)</span> <span class='ocrx_word' id='word_1_243' title='bbox 385 4467 430 4519; x_wconf 90' lang='lat' dir='ltr'>Sic</span> <span class='ocrx_word' id='word_1_244' title='bbox 443 4469 526 4536; x_wconf 76' lang='lat' dir='ltr'>vuigo.</span> <span class='ocrx_word' id='word_1_245' title='bbox 545 4467 579 4521; x_wconf 76' lang='lat' dir='ltr'>At</span> <span class='ocrx_word' id='word_1_246' title='bbox 592 4485 683 4524; x_wconf 85' lang='lat' dir='ltr'>annum</span> <span class='ocrx_word' id='word_1_247' title='bbox 698 4469 927 4542; x_wconf 64' lang='lat' dir='ltr'>inuestigandum</span> <span class='ocrx_word' id='word_1_248' title='bbox 942 4487 1011 4530; x_wconf 81' lang='lat' dir='ltr'>asse,</span> <span class='ocrx_word' id='word_1_249' title='bbox 1025 4469 1104 4549; x_wconf 76' lang='lat' dir='ltr'>docet</span> <span class='ocrx_word' id='word_1_250' title='bbox 1117 4487 1163 4522; x_wconf 90' lang='lat' dir='ltr'>nos</span> <span class='ocrx_word' id='word_1_251' title='bbox 1176 4486 1291 4543; x_wconf 86' lang='lat' dir='ltr'>quoque,</span> <span class='ocrx_word' id='word_1_252' title='bbox 1304 4487 1366 4525; x_wconf 89' lang='lat' dir='ltr'>sero</span> <span class='ocrx_word' id='word_1_253' title='bbox 1381 4467 1486 4544; x_wconf 73' lang='lat' dir='ltr'>quiden,</span> 
     </span>
     <span class='ocr_line' id='line_1_34' title="bbox 384 4557 580 4630; baseline 0 -18"><span class='ocrx_word' id='word_1_254' title='bbox 384 4557 439 4612; x_wconf 86' lang='lat' dir='ltr'>finis</span> <span class='ocrx_word' id='word_1_255' title='bbox 454 4559 580 4630; x_wconf 78' lang='lat' dir='ltr'>epistolae.</span> 
     </span>
    </p>
   </div>
   <div class='ocr_carea' id='block_1_12' title="bbox 0 0 1567 5080">
    <p class='ocr_par' dir='ltr' id='par_1_15' title="bbox 0 0 1567 5080">
     <span class='ocr_line' id='line_1_35' title="bbox 0 0 1567 5080; baseline 0 0"><span class='ocrx_word' id='word_1_256' title='bbox 0 0 1567 5080; x_wconf 95' lang='lat' dir='ltr'> </span> 
     </span>
    </p>
   </div>
  </div>
 </body>
</html>
