3110 5076
361 362 591 418 CerSSlAthlBll!
605 364 780 418 vaanenu!
794 379 961 420 concussuri
966 405 973 418 ·
1176 355 1253 428 2¹⁷

80 528 250 592 excusando
272 528 471 613 protendens.
497 529 579 594 lianc
594 549 666 596 vero
687 532 896 596 necessitatem
921 551 975 596 nos
994 530 1054 614 jam
1076 531 1254 614 ignoramus.

80 633 142 698 linx
159 637 291 702 classem
315 658 398 702 suam
418 639 455 702 ad
476 641 601 722 penates
623 645 796 717 revocarat,
818 640 895 726 quod
919 662 1012 707 nonus
1032 644 1121 706 terr-aa
1143 649 1253 706 sanctae

78 764 251 818 succursus,
267 748 382 832 pridem
398 754 591 832 praeparatus,
613 748 755 822 instarot;
780 754 830 814 aut
845 749 940 814 hostis
956 749 1096 814 linitimus
1114 750 1254 816 Venetia·

78 874 140 917 rum
157 856 274 919 ciuitati
294 857 472 920 imminebat.
498 857 652 922 Classiarii
670 857 762 922 duces
785 859 975 923 nihilominus
990 858 1087 943 Abydi
1102 861 1178 924 sueto
1195 883 1252 924 non

78 962 241 1035 excedunt,
270 964 391 1050 suisque
414 967 551 1050 expensis
574 971 676 1029 nautas
699 967 778 1031 alere
801 973 940 1033 statuunt.
972 967 1038 1032 dam
1065 989 1130 1054 quae
1155 991 1251 1034 rerum

79 1073 246 1137 necessitas
270 1093 322 1138 eos
347 1075 388 1138 ibi
410 1079 553 1136 terrarum
575 1077 721 1150 tenuerit,
745 1075 776 1142 id
800 1097 870 1142 cero
891 1075 1069 1161 perdifficile
1085 1077 1167 1143 dictu
1184 1099 1252 1144 esse

77 1180 202 1246 ridetur.
226 1181 355 1246 Erantne
371 1181 413 1245 ini
429 1186 489 1246 tum
505 1186 649 1270 temporis
665 1186 694 1250 in
710 1185 901 1272 Hellesponto
918 1187 1018 1270 positi,
1041 1191 1072 1250 ut
1087 1187 1251 1270 legatorum

79 1289 257 1354 Venetorum
281 1291 368 1360 alicui
387 1291 473 1376 Cpoli
494 1296 625 1358 versanti
648 1293 814 1360 subsidium
835 1295 1034 1380 prestarent?
1057 1297 1102 1360 dn
1117 1296 1252 1360 immine·

78 1399 144 1462 bant
160 1400 270 1465 'l'ureoe
285 1384 475 1478 leodienses,
496 1411 566 1486 post
582 1404 751 1470 Emannelis
766 1404 955 1488 imperatoris
971 1403 1083 1470 obitum
1098 1405 1178 1470 Asiae
1195 1409 1250 1470 mi·

11 1555 12 1582 2
78 1513 154 1576 noris
173 1511 296 1594 jamjam
317 1511 384 1574 lere
409 1510 539 1575 domini?
563 1511 642 1576 ldem
662 1513 727 1577 lere
743 1513 781 1578 dc
797 1512 935 1598 Bulgaris
952 1513 1046 1591 calet,
1070 1516 1120 1600 qui
1136 1515 1250 1580 isaacio

11 1633 12 1642 ’
76 1626 221 1704 regnante
236 1621 362 1684 Thracia
388 1626 499 1684 tantum
524 1641 580 1683 nou
598 1623 677 1684 omni
693 1623 848 1708 subjugata
865 1643 988 1705 regnum
1004 1643 1089 1686 suum
1105 1625 1250 1688 restitue·

77 1737 154 1803 rant,
181 1731 336 1816 ipsamque
353 1727 630 1814 Constantinopolin
654 1731 718 1814 plus
741 1731 834 1795 semel
856 1731 1006 1815 petebant.
1032 1731 1146 1815 Quodsi
1157 1741 1249 1798 'unum

77 1837 178 1902 horum
200 1839 407 1911 statuerimus,
437 1837 542 1901 classis
568 1837 678 1903 Veneta
703 1839 874 1905 (trecorum
895 1841 1017 1904 tutelam
1040 1847 1071 1906 et
1096 1845 1249 1908 commodo

11 1981 12 1990 κ
77 1947 231 2012 consulens
246 1947 380 2031 Abydum
401 1947 536 2012 tenuisse
556 1949 717 2033 putabitur,
739 1969 796 2035 qno
812 1951 876 2014 lere
891 1969 927 2016 aa
942 1955 1081 2034 spectare
1103 1949 1249 2026 ridentur,

11 2093 12 2100 κ
77 2075 139 2139 quae
165 2057 195 2120 in
222 2059 317 2142 pactis
342 2058 501 2124 isaacianis
527 2059 566 2124 de
592 2059 726 2124 subsidio
752 2059 925 2143 Imperatori
955 2059 1117 2142 Byzantino
1145 2067 1248 2126 contra

11 2179 13 2222 t
79 2171 230 2230 extraneos
245 2169 415 2250 prestando
430 2168 579 2251 leguntur.
593 2205 635 2218 -
653 2167 748 2234 Dictio
766 2172 916 2232 nautarum
932 2169 1052 2252 saepius
1069 2169 1196 2234 hibrids.

162 2319 197 2388 ln
211 2317 340 2389 nornine
355 2317 473 2390 domini
487 2320 538 2390 dei
558 2325 591 2390 et
604 2318 775 2390 salvatoris
789 2319 893 2390 noemi
906 2320 986 2390 Jesu
1000 2317 1132 2392 Christi.
1152 2321 1246 2417 Anno

75 2443 190 2514 domini
209 2445 377 2530 noxali,
395 2469 507 2517 mense
525 2447 658 2530 Marcio,
677 2445 854 2518 indictione
872 2445 952 2517 XIV.
981 2445 1081 2518 Arrun.

161 2571 298 2643 licitum
326 2581 360 2645 ct
384 2574 581 2645 conueniens
606 2581 657 2645 est
675 2573 749 2667 (ut)
769 2573 958 2668 unicuique,
987 2598 1060 2646 cum
1079 2583 1170 2648 extra
1188 2601 1247 2650 suc

74 2699 173 2791 patrie
197 2702 356 2773 invenerit
379 2708 444 2774 tarn
463 2725 536 2773 cnm
555 2701 716 2785 exercitu,
744 2723 838 2795 quam
857 2701 961 2786 aliter,
989 2702 1131 2788 dehoc,
1159 2706 1246 2800 quod

75 2825 115 2895 ad
130 2825 287 2899 honorem
307 2853 365 2900 sne
382 2831 487 2923 patrie
500 2831 650 2924 pertinet,
670 2829 736 2902 suis
749 2829 898 2923 personis
906 2829 1047 2923 fatigari,
1067 2833 1136 2903 sire
1151 2833 1245 2904 etiarn

76 2959 106 3023 et
123 2953 202 3049 [leg.
219 2953 269 3049 ca]
290 2957 331 3026 de
351 2959 417 3028 suis
436 2957 530 3030 honis
549 2959 581 3027 in
599 2959 675 3040 troc,
696 2957 784 3051 quod
802 2957 864 3027 sibi
883 2957 1010 3029 videtur
1028 2958 1069 3030 ad
1088 2959 1245 3032 honorem

75 3083 274 3176 contingere,
293 3083 486 3156 fiducialiter
505 3085 715 3156 commodari.

11 3301 12 3304 Ἴ
155 3212 260 3305 igitur
284 3210 353 3282 Nos
385 3212 546 3307 Rugerius
574 3213 760 3286 Premarino
793 3219 890 3307 atque
920 3213 1064 3286 iacchus
1093 3214 1241 3300 Quirino,

11 3339 13 3432 ξ
74 3335 141 3406 stoli
155 3337 361 3409 Venetiarum
380 3341 552 3435 capitanei,
573 3361 646 3410 cunr
660 3340 728 3410 suis
741 3339 907 3412 iudicibus
921 3347 955 3412 et
969 3339 1188 3435 Sapientibus‚
1209 3349 1243 3412 et

74 3463 311 3536 conlaudatione
329 3468 439 3560 populi
457 3467 594 3563 predicti
613 3465 700 3551 stoli,
726 3489 798 3538 cum
819 3489 965 3538 essemus
985 3467 1015 3538 in
1034 3469 1189 3539 Romania
1209 3469 1239 3538 in

11 3677 13 3686 ‚
73 3586 151 3673 loco,
177 3594 230 3685 qui
251 3593 369 3665 dicitur
386 3595 507 3678 Asido,
533 3594 680 3666 ridentes
697 3616 777 3676 nos,
802 3593 895 3666 valde
914 3617 987 3668 esse
1006 3617 1187 3689 congruum
1207 3603 1240 3667 et

11 3693 13 3728 ξ
74 3721 292 3804 necessarium,
312 3728 400 3793 stare
415 3745 488 3794 cum
506 3721 692 3816 supradicto
713 3722 799 3792 stolo
817 3723 850 3792 in
869 3723 1036 3806 Romania,
1056 3745 1121 3794 non
1135 3723 1238 3794 dene-

72 3853 177 3936 gantes
203 3849 426 3942 fatigationem
451 3850 571 3920 nostris
598 3849 748 3946 personis
775 3849 970 3934 athalere,
999 3857 1171 3942 sperantes
1197 3852 1237 3923 dc
1279 3895 1283 3903 ·

11 3987 12 4074 f
72 3968 206 4046 bonitate
225 3975 344 4045 domini
363 3977 466 4046 nostri
487 3976 614 4046 ilenrici
634 3975 782 4059 Dandoli,
811 3976 948 4070 gloriosi
968 3976 1235 4062 Venecie‘llucis,

11 4083 12 4102 ἶ
73 4103 101 4167 ct
115 4101 260 4172 iudicum
279 4107 313 4171 et
331 4102 516 4195 Sapientnm
536 4110 570 4174 et
587 4103 687 4174 totius
705 4102 816 4196 populi
834 4103 985 4189 Venecie,

122 4235 300 4300 statuentes
319 4230 500 4311 statuimus,
529 4236 562 4302 ct
580 4229 694 4301 exinde
711 4251 784 4313 nos,
810 4237 844 4302 et
861 4231 992 4303 iudices
1012 4239 1046 4302 et
1064 4233 1235 4327 Sapientes

73 4359 101 4422 et
115 4356 281 4427 universus
298 4355 438 4451 populns
456 4355 531 4428 stoli
549 4379 608 4450 per
626 4364 861 4428 sacramentum
880 4358 1112 4444 distrinximus,
1139 4367 1186 4445 ut,
1207 4364 1235 4432 si

74 4480 133 4571 quis
156 4483 195 4553 de
219 4506 280 4554 suo
306 4483 427 4555 trabere
451 4485 484 4554 in
512 4483 699 4578 supradicto
719 4485 805 4556 stolo
825 4485 856 4556 in
875 4507 969 4556 manu
988 4485 1120 4581 Spinclli
1139 4487 1233 4560 ltlcn·

73 4607 139 4698 gulo
156 4619 188 4682 et
206 4611 318 4684 ldtalis
337 4609 486 4683 Dnndulo
507 4621 540 4684 et
557 4613 671 4684 iacobi
692 4612 850 4698 Oornnrii,
871 4615 1038 4685 carncrarii
1054 4616 1233 4710 supradicti
