3110 5076
273 321 349 397 258
512 336 701 391 Pnrurnneuun
715 338 815 392 Annum
828 335 862 392 lll
874 335 933 392 lnrr.
946 336 1016 391 Van.
1030 351 1207 392 concessum.

272 507 437 594 Quirinus,
453 531 526 578 meo
540 530 740 601 suggessere
757 508 909 602 lmperio,
929 531 969 579 eo
987 509 1075 602 quod
1085 509 1173 580 clare
1189 509 1222 579 in
1239 505 1464 601 chrysoboliis

271 635 361 729 prius
387 635 434 706 eis
458 637 554 707 lactis
581 637 650 730 ipse
676 659 741 706 non
766 637 831 707 sint
856 635 1021 708 ordinate:
1051 637 1221 732 lmperinm
1247 658 1354 706 meum
1383 639 1466 706 eta

270 762 327 832 tali
346 761 494 834 molestia
512 762 626 835 uolens
646 762 851 834 fidelissimos
872 771 905 836 et
924 763 1101 835 Veneticae
1121 763 1272 844 liberare,
1294 767 1328 833 ct
1348 763 1464 832 nomi-

271 891 371 960 natim
386 912 497 960 omnes
512 890 680 984 regiones,
701 913 764 982 que
778 891 839 962 sub
854 893 1008 962 Romania
1023 899 1110 975 sunt,
1129 892 1162 960 in
1181 891 1299 984 quibus
1318 889 1466 960 mercari

273 1017 410 1100 debent,
437 1017 590 1090 ordinare
618 1017 649 1086 in
672 1019 817 1110 presenti
839 1017 1038 1111 chrysubulo
1066 1041 1139 1088 meo
1163 1017 1284 1110 placuit
1303 1017 1467 1108 Imperio,

274 1169 336 1240 que
375 1151 451 1215 sunt
488 1145 552 1215 iste
596 1144 764 1216 uidelicetr
819 1145 984 1217 Prouintia
1025 1145 1185 1237 Dirracbij
1197 1138 1226 1237 ¹)
1270 1168 1345 1214 cum
1390 1143 1470 1226 illis,

277 1296 340 1366 que
378 1274 411 1342 in
449 1297 489 1344 ca
530 1279 605 1344 sunt
644 1295 859 1366 personarum
895 1281 929 1344 ct
974 1274 1186 1346 ecclesiarum
1230 1271 1467 1342 immobilibus.

276 1400 448 1473 Prouincia
489 1399 621 1471 iericho
636 1393 666 1491 ²)
719 1406 753 1470 et
797 1399 943 1472 Caninon
958 1391 990 1492 ³)
1042 1423 1114 1471 cum
1157 1398 1305 1470 omnibus
1354 1397 1389 1467 in
1431 1419 1472 1466 ea

278 1528 492 1599 immobilibus
528 1527 752 1598 existentibus.
811 1529 984 1600 Prouincia
1026 1513 1260 1617 loaninon⁴).'
1290 1525 1474 1596 Prouincia

305 1736 332 1810 ¹)
352 1737 412 1790 llaec
427 1735 538 1789 llariuus
552 1736 568 1789 l.
583 1753 607 1790 c.
620 1737 659 1790 sic
673 1735 791 1790 exbibet:
812 1737 966 1792 Provincia
984 1737 1133 1792 Dirrncbii
1145 1753 1207 1790 cum
1221 1733 1280 1797 illa,
1300 1751 1364 1807 quoe
1382 1735 1417 1790 ira
1437 1752 1475 1788 ea
1551 1705 1553 1724 .

350 1829 417 1879 suunt
435 1841 620 1898 personarum
639 1831 666 1880 ct
683 1826 863 1882 ecclesiarum
876 1827 1069 1890 immobilibus,
1086 1845 1166 1881 verso
1180 1825 1210 1880 la
1226 1825 1374 1880 Clrimoerc.
1398 1827 1477 1880 Pro-
1552 1821 1553 1830 ¹

351 1915 445 1970 vincia
456 1917 614 1971 Jericlroret
629 1917 766 1974 Cauiciou
778 1936 840 1972 cum
853 1920 978 1974 omnibns
990 1921 1020 1974 iu
1034 1935 1067 1972 ea
1083 1917 1267 1972 immobilibus
1279 1917 1477 1972 ordientibus
1553 1973 1554 1978 .

352 2006 411 2062 alla
426 2007 552 2062 Vollona.
564 2007 719 2062 Provincia
727 2008 899 2064 Jocnniuou.
913 2009 957 2063 Sic
971 2011 1051 2065 ltalus
1062 2027 1094 2064 ex
1106 2009 1169 2072 suis,
1182 2012 1211 2062 ut
1226 2008 1338 2062 uidetur.
1348 2040 1382 2048 —
1400 2009 1478 2080 Dyr·
1553 2045 1554 2058 .

353 2099 468 2152 rachium
482 2115 538 2150 curn
550 2099 684 2170 prouincia
694 2099 806 2153 seculari
821 2103 849 2153 et
859 2100 1039 2154 ecelesiastica
1052 2100 1237 2154 illustravimus
1251 2100 1276 2154 in
1286 2099 1332 2152 Via
1344 2101 1478 2170 Egnatia,
1553 2129 1554 2134 =

355 2189 577 2245 commentatione
591 2189 609 2250 l.
623 2209 649 2260 p.
663 2190 778 2244 17-22.

307 2279 335 2352 ²)
355 2281 496 2335 Jericbo
528 2285 570 2335 est
596 2285 712 2336 uotorum
740 2281 845 2334 Oricum
873 2279 953 2352 Epiri.
985 2282 1058 2336 Anna
1077 2282 1207 2336 Comnenn
1227 2281 1284 2336 Xlll
1304 2278 1363 2356 (ed.
1385 2279 1479 2335 Paris.

355 2391 382 2442 p.
395 2372 477 2443 389);
501 2369 529 2423 ‘0
543 2369 646 2434 Adicis,
660 2372 676 2434 el
694 2370 795 2446 Ἱεριχὼ
809 2371 898 2424 καὶτὰ
912 2373 1020 2425 Kaisesa.
1039 2371 1137 2425 Eadem
1156 2371 1250 2425 ibidem
1270 2389 1297 2444 p.
1310 2372 1378 2427 392:
1402 2373 1480 2443 Πρὸς

359 2459 461 2534 Ἱεριχὼ
475 2464 517 2515 καί
531 2463 563 2514 τὰ
578 2462 686 2515 liciniae.

310 2552 337 2625 ⁸)
357 2553 455 2608 lbidem
474 2555 605 2617 locorum,
625 2569 677 2624 quo
692 2553 797 2608 loriclro
813 2551 956 2624 (Oricum),
976 2570 1013 2606 eo.
1027 2555 1052 2608 in
1067 2571 1112 2608 ora
1125 2553 1196 2626 Epiri
1216 2541 1312 2608 ueteris
1332 2553 1482 2615 maritima,

358 2645 499 2715 ‹puaerenda
519 2645 596 2698 otiam
619 2644 741 2699 Canius
760 2643 884 2716 (Κάνινα,
903 2643 961 2715 τά).
993 2646 1065 2700 Anna
1083 2645 1214 2702 Conuncnn
1231 2644 1288 2698 lllll
1307 2641 1367 2714 (ad.
1388 2643 1482 2696 Paris.

358 2755 385 2807 p.
399 2737 460 2798 389,
474 2735 550 2806 392).
572 2735 701 2806 Georgius
713 2735 884 2806 Paobprncrce
898 2735 922 2788 in
936 2735 1062 2789 bliebaole
1076 2737 1222 2806 l‘alaeologo
1236 2737 1260 2796 2,
1273 2735 1304 2788 ll
1321 2733 1380 2804 (ed.
1390 2733 1482 2786 Bono.

357 2827 388 2881 T.
397 2827 417 2889 l,
431 2845 456 2897 p.
465 2825 547 2897 106):
566 2827 603 2878 Τό
615 2828 671 2898 περὶ
684 2826 716 2877 τὰ
729 2825 830 2879 lidorum
843 2827 973 2899 φρούριον.
987 2826 1057 2880 ldem
1070 2827 1164 2880 ibidem
1178 2825 1203 2886 6,
1217 2827 1261 2886 31,
1275 2823 1317 2895 (p.
1329 2825 1383 2878 508
1398 2823 1481 2895 sq.):

363 2916 428 2971 ’nar
448 2923 499 2970 τῶν
519 2915 640 2968 barsace
655 2953 662 2966 .
679 2919 840 2970 ..Κανίνων
859 2919 902 2970 καὶ
921 2920 1059 2989 Κορυφπῡς
1072 2957 1079 2971 .
1092 2955 1100 2969 .
1115 2918 1168 2970 ,τὰ
1189 2915 1292 2970 Kaisesa
1304 2953 1332 2968 ..
1348 2915 1400 2966 .τό
1421 2919 1483 2966 τῶν

359 3010 478 3060 Κανίνων
493 3008 632 3082 φρούριον.
646 3046 653 3058 .
667 3009 717 3060 ,τὰ
731 3009 832 3060 Κὰνινα
844 3047 850 3062 .
862 3047 887 3062 ..
901 3009 1015 3076 ποταμὸς
1029 3005 1293 3079 Βοώσης(1ὀ“ιύεεπ)
1308 3007 1373 3057 uari
1390 3006 1483 3073 μέσην

365 3099 406 3170 (ἱπ
425 3098 507 3152 medin
527 3097 648 3170 planitie)
671 3095 786 3169 ἀπείργει
808 3099 839 3150 τὰ
863 3097 970 3152 Kolias.
999 3099 1169 3170 prraemius
1187 3097 1267 3151 Cscss.
1287 3115 1309 3150 v.
1330 3097 1424 3150 9158:
1454 3095 1484 3149 ἐν

358 3187 503 3260 scurrilia»
523 3189 653 3241 Κανίνων.
682 3187 876 3244 Cantacuzenus
895 3191 926 3254 2,
946 3190 995 3244 ³2:
1020 3187 1044 3240 oi
1064 3191 1121 3261 περὶ
1139 3188 1291 3260 Βαλάγριτα
1310 3189 1354 3239 καὶ
1373 3187 1485 3240 nassae

360 3283 495 3350 νεμόμενοι
517 3277 653 3350 Ἀλβανοί.
672 3278 799 3334 Laonieus
818 3279 1041 3353 Clrulcoeondyles
1061 3280 1127 3334 libro
1141 3280 1162 3334 V
1179 3279 1236 3350 (ed.
1249 3279 1330 3332 Bonn.
1343 3295 1372 3348 p.
1386 3279 1484 3351 425):

362 3368 478 3444 Μύρξαν,
489 3375 541 3422 τῶν
555 3371 587 3442 (Ι.
601 3369 661 3442 τὸν)
675 3368 796 3422 Κανίνων
808 3371 930 3440 ἡγεμόνα.

314 3462 343 3536 ⁴)
362 3463 378 3517 J
383 3462 522 3517 oannina
534 3462 675 3532 urbsEpiri
687 3459 864 3516 meridionalis
873 3462 942 3515 intus
951 3461 1010 3524 sita,
1026 3461 1059 3515 ad
1069 3462 1152 3514 lacum
1164 3459 1321 3514 Albanorum
1334 3459 1485 3524 cognomi-

361 3571 428 3608 nem.
441 3553 603 3624 Leonislmp.
617 3551 695 3606 ludex
706 3551 865 3624 episcopalis
875 3551 900 3604 in
909 3551 1008 3606 diocesi
1020 3550 1149 3622 Naupacti
1159 3550 1315 3622 (bspanti):
1328 3548 1341 3600 ὁ
1355 3548 1485 3602 ‘leaver-

362 3662 421 3705 νων,
431 3644 443 3695 ri
455 3641 696 3716 Ἀδριανουπόλιως
704 3641 910 3714 (metropolita).
921 3643 981 3696 Hae
991 3643 1111 3707 socelli,
1122 3643 1157 3704 ll;
1173 3641 1264 3695 seculo
1275 3639 1329 3694 Xlll
1341 3640 1486 3709 Georgius

362 3735 515 3804 Acropolita
527 3734 612 3788 annal.
626 3751 684 3804 cap.
697 3733 741 3796 82,
754 3752 780 3805 p.
794 3735 855 3797 183,
874 3731 916 3786 cd.
935 3733 1030 3786 Boon:
1050 3732 1246 3793 Καταλιπόντες
1264 3729 1290 3784 ἐν
1310 3733 1367 3791 τοῖς
1384 3729 1487 3784 Ἰωαν-

363 3825 444 3885 νίνοις
457 3826 613 3897 στράτευμα.
627 3824 665 3878 ld.
678 3823 740 3877 ibid.
753 3841 779 3895 p.
794 3823 854 3878 181.
874 3823 1069 3878 Gantncuzonus
1084 3825 1109 3887 2.
1122 3825 1172 3880 34:
1191 3824 1228 3874 Τὰ
1247 3822 1487 3896 'Appuprixoearpou

364 3918 406 3968 καὶ
426 3916 443 3978 ἠ
462 3918 555 3987 llcippa
574 3915 645 3968 καὶὸ
666 3914 741 3984 ἅγιος
763 3917 876 3976 Δονάτος
895 3917 938 3968 καὶ
961 3913 1181 3987 ’Appeldxcrorpou
1201 3916 1244 3966 καὶ
1267 3912 1404 3966 ’losdunum
1427 3911 1488 3967 ὅτε

363 4005 487 4076 Εὗλοχος
499 4009 542 4059 καὶ
555 4008 583 4058 τὸ
598 4005 706 4058 Bibroci.
726 4005 852 4059 Laonicus
865 4005 1088 4077 Cbalcocondylas
1101 4005 1167 4058 libro
1180 4005 1190 4058 l
1204 4003 1261 4076 (ed.
1275 4004 1356 4057 boun.
1370 4022 1399 4075 p.
1412 4005 1488 4077 28):

367 4099 419 4149 Καὶ
437 4095 591 4148 Ἰωαννίνων
604 4099 651 4157 τὴν
664 4095 740 4148 πόλιν
754 4091 818 4148 εἷλε.
838 4096 908 4150 ldem
921 4096 985 4149 ibid.
997 4096 1064 4148 libro
1073 4097 1103 4157 V,
1117 4095 1218 4166 pasus
1241 4093 1389 4154 ’1ωὰννινα,
1403 4095 1489 4148 πόλιν

367 4193 413 4250 τῆς
432 4187 572 4247 Αἰτωλίας.
600 4187 698 4256 Georg.
716 4187 843 4240 Pbrantza
861 4188 886 4250 1,
906 4187 953 4240 31;
981 4189 1035 4248 Τῆς
1058 4187 1172 4246 παλαιᾶς
1194 4185 1318 4258 Ἠπείρου
1339 4185 1492 4257 μέροςκαὶ

367 4276 505 4336 Αἰτωλοὺς
522 4279 565 4330 καὶ
588 4275 729 4348 ’acapnum
749 4275 820 4348 (sie)
833 4313 840 4328 .
855 4314 862 4328 .
875 4313 881 4326 .
896 4279 939 4329 καὶ
961 4276 1103 4331 Ἰωάννινα.
1131 4279 1217 4331 Duces
1237 4293 1296 4347 cap.
1309 4275 1359 4329 29:
1380 4274 1490 4344 Θηβῶν

368 4369 410 4420 καὶ
425 4368 490 4439 πέρα
506 4365 666 4421 'laesione
685 4367 799 4420 loannes
810 4367 962 4436 Anagnosta
975 4367 1001 4420 in
1014 4367 1136 4438 captione
1149 4367 1341 4421 Thessalonice·
1355 4383 1415 4437 cap.
1432 4369 1490 4423 18:

374 4456 434 4512 Ἐπὶ
451 4459 485 4510 τὰ
509 4457 663 4510 ’immisisses
683 4457 757 4529 μέρη.
777 4456 879 4528 Sepias
898 4456 975 4512 etiarn
993 4457 1083 4512 eadem
1101 4458 1193 4512 ciuitas
1207 4443 1362 4512 occurrit'in
1375 4459 1490 4514 Martini

368 4549 450 4604 Crusii
464 4547 677 4602 Turro-Gracia.
