3110 5076
188 387 192 396 Α
296 347 371 420 254
569 358 757 410 Parmensium
771 355 872 408 Acexn
885 353 926 408 111.
940 355 1008 410 ven.
1023 371 1197 410 cencessum.

292 534 527 624 inprceeurum
550 551 626 599 cum
650 527 759 621 pateis
783 525 1007 622 qrmdrapinta
1030 538 1089 598 acet
1105 527 1276 622 placidae,
1305 537 1340 598 ct
1355 530 1469 621 nequit

294 657 472 754 Imperium
491 681 606 727 carum
618 681 686 751 pro
705 657 987 728 cautionum
1011 655 1186 738 Venetiam,
1210 656 1306 727 debet
1323 654 1469 750 Impern·
1550 748 1553 757 Ι

203 855 206 862 .
293 791 380 858 turia
407 790 566 857 maieetae
595 783 764 856 Veneticae
788 784 950 857 inducere
976 784 1022 854 ad
1042 809 1103 856 eae
1131 795 1220 856 terre
1244 784 1471 879 defenemnem
1553 773 1554 786 ¹

293 922 410 984 contra
433 911 667 982 Iruiuecemadi
684 915 870 994 inimicum,
897 917 1053 983 inuentae
1080 915 1118 984 in
1135 937 1256 1005 mapna
1275 913 1360 982 urbe
1378 910 1469 982 nide-
1548 918 1554 964 ἓ

294 1039 373 1112 licet
395 1049 429 1112 et
452 1039 568 1112 circha
593 1063 682 1122 cam,
709 1048 743 1110 et
763 1039 803 1109 at
828 1065 869 1110 ca
893 1031 927 1112 et
943 1041 1026 1112 Iacie
1044 1040 1232 1112 iacentiine
1250 1039 1369 1112 circha
1387 1061 1469 1119 eam,
1553 1069 1554 1080 2

293 1193 415 1242 uerene
439 1177 547 1240 artum
573 1179 606 1240 et
629 1191 750 1240 ueram
777 1191 931 1240 accaeum
958 1167 1136 1264 nequead
1161 1167 1323 1246 Amidam.
1349 1167 1471 1261 abraae

293 1298 451 1371 eimititer
474 1306 636 1392 repertae,
663 1305 697 1367 ci
717 1299 754 1367 in
780 1300 894 1380 terrie,
924 1321 989 1391 quc
1006 1301 1102 1393 infra
1125 1307 1214 1380 arnt,
1244 1319 1349 1390 unque
1376 1295 1471 1368 Fila·

294 1427 477 1523 delpIciam‚
506 1427 600 1496 etin
625 1447 682 1505 ca,
720 1433 754 1494 et
778 1447 885 1518 neque
910 1425 1145 1520 Adrpanupnii
1152 1417 1194 1516 ¹),
1228 1433 1261 1494 et
1282 1429 1318 1494 in
1337 1447 1397 1504 eu,
1429 1445 1473 1493 en·
1554 1462 1555 1511 p

292 1563 435 1649 quatuor
460 1563 528 1652 tree
551 1575 626 1622 cum
654 1559 702 1622 tot
721 1553 847 1645 patere,
876 1564 955 1647 quat
977 1577 1112 1623 armare
1136 1552 1311 1632 catenum,
1339 1553 1472 1622 inuenti

161 1745 166 1760 ,
293 1679 474 1752 eecnndum
502 1677 692 1774 predictam
725 1677 893 1760 ordinem,
930 1703 1006 1750 cum
1037 1684 1137 1752 ctiam
1168 1682 1346 1773 manmena
1374 1701 1468 1770 rapa.

297 1807 375 1880 Tati
411 1811 524 1901 itaque
559 1803 655 1876 meda
695 1806 820 1900 talique
860 1805 978 1878 ordine
1018 1807 1184 1878 iuuabunt
1219 1815 1251 1877 et
1285 1803 1473 1902 deffendcnt

293 1936 489 2008 Bamaniam
518 1933 665 2006 Venetici
680 1929 797 2004 contra
815 1957 944 2004 amnem
960 1933 1127 2006 nerninem
1145 1943 1339 2006 coronatum
1358 1945 1392 2006 et
1405 1959 1472 2006 nan

292 2071 496 2142 coronatam,
516 2070 676 2132 etccntra
690 2083 819 2131 amnem
834 2071 977 2154 pentem,
997 2061 1193 2134 Romaniam
1212 2085 1334 2132 nocere
1351 2063 1471 2134 conn-

294 2201 375 2274 tcm‚
398 2197 505 2285 prout
527 2191 686 2284 eupcriue
713 2187 918 2260 declaratum
941 2198 1014 2274 cei;
1041 2197 1075 2260 ct
1096 2199 1212 2260 matra
1230 2192 1341 2282 ipeum
1359 2213 1472 2282 repem

295 2318 524 2390 Alemannic.“

403 2443 549 2529 „Item,
577 2446 610 2514 ei
632 2437 814 2537 Imperium
838 2465 953 2513 earum
976 2441 1123 2514 uetuerit
1145 2447 1276 2514 miticrc
1304 2442 1471 2516 Venetiam

293 2574 446 2644 nominee
465 2580 524 2642 aut
540 2573 716 2651 ucetiarn'a,
733 2575 852 2663 praeia
865 2571 1075 2642 conducendi
1090 2571 1225 2654 militee,
1244 2582 1303 2642 aut
1315 2571 1358 2642 de
1369 2571 1469 2642 Lana·
1552 2591 1554 2628 t

294 2701 413 2772 bardia
438 2709 498 2772 aut
514 2699 555 2769 at
581 2698 650 2770 clia
669 2709 777 2779 terra,
804 2707 837 2770 et
853 2699 1073 2794 diepcneandi
1089 2699 1134 2770 ad
1149 2699 1308 2770 tamarem
1327 2711 1360 2770 ct
1376 2701 1471 2772 atili-
1552 2697 1554 2760 ἱ

294 2838 392 2900 tatem
420 2831 603 2922 epectantia
628 2835 718 2897 terre
745 2827 957 2900 celsitudinis
980 2851 1114 2911 earam,
1142 2828 1257 2900 iicebit
1273 2837 1306 2898 ct
1322 2827 1385 2899 Ima
1402 2831 1470 2912 eie,
1552 2853 1554 2872 ²

293 2959 366 3026 aiei
381 2954 445 3024 tac
463 2963 578 3025 contra
602 2953 769 3028 Venetiam
787 2957 841 3026 eit.
870 2953 1001 3026 Debent
1016 2966 1127 3027 antem
1154 2955 1300 3026 Venetici
1318 2958 1472 3050 recipere
1552 2971 1553 3036 ἕ

293 3084 445 3154 Itaminee
462 3091 496 3152 ct
511 3085 694 3177 peccuniae
713 3075 866 3174 earnm'J
887 3093 921 3155 ct
937 3088 1105 3156 ueetiaria
1121 3081 1261 3178 Imperij
1276 3107 1409 3163 eertum,
1440 3097 1474 3154 et

293 3210 475 3306 defendere
489 3222 521 3280 ct
533 3209 684 3280 Itmm‘nee
702 3219 734 3280 et
744 3213 930 3305 peccuniae
945 3233 1063 3282 earum
1076 3211 1118 3281 ab
1137 3211 1289 3282 amnibue
1305 3213 1472 3282 inimicie.

299 3335 525 3407 Verumtamen
550 3335 724 3408 clementia
748 3335 891 3432 Imperii
909 3361 1025 3408 earum
1042 3361 1112 3409 nnn
1130 3337 1227 3410 debet
1250 3337 1382 3412 Venetia
1399 3349 1470 3410 eta·

292 3465 360 3536 lum
379 3463 521 3536 educere
538 3465 596 3536 nei
612 3467 798 3536 exercitum
816 3475 932 3537 cantra
950 3467 1108 3562 adiuuem,
1137 3491 1212 3538 cum
1235 3491 1299 3562 qua
1325 3466 1474 3538 Venetici

292 3591 415 3662 tabent
432 3595 589 3663 unionem
607 3602 640 3662 et
657 3580 840 3662 amarem.“

386 3770 404 3802 „
417 3715 531 3801 Item,
556 3721 590 3788 ei
613 3715 794 3812 Imperium
811 3719 961 3790 uoluerit
976 3743 1043 3815 per
1056 3729 1173 3815 partee
1198 3719 1329 3792 Venetia
1345 3721 1473 3795 miiitee

292 3850 330 3917 in
349 3845 546 3916 Rammium
565 3843 704 3924 ducere,
730 3844 843 3915 ttceca
859 3855 892 3916 et
907 3845 969 3915 Irac
987 3845 1130 3941 Imperia
1149 3871 1279 3934 earam,
1306 3851 1379 3920 uiei
1401 3853 1476 3945 ipra

292 3974 467 4065 manifeeti
483 3973 617 4040 inimici
640 3968 770 4042 Venetie
787 3974 867 4052 eint,
892 3981 951 4042 ant
977 3971 1111 4044 Venetia
1134 3974 1293 4068 impedita
1311 3978 1371 4056 eit,
1394 3981 1474 4048 eine

288 4096 415 4193 fiaude
439 4105 473 4168 et
493 4097 580 4168 mala
604 4099 741 4190 inpeuin
768 4098 891 4193 aliam.
925 4099 1014 4170 Nma
1038 4109 1205 4172 traneacta
1231 4101 1470 4196 impedimenta

291 4227 419 4298 licitum
437 4229 505 4297 crit
521 4229 587 4306 eie,
607 4229 682 4297 eine
699 4227 765 4298 eati
778 4231 923 4322 fuerint,
942 4231 1018 4300 eiuc
1035 4247 1110 4302 cum
1126 4229 1281 4324 familije,
1306 4237 1469 4305 traneire.

357 4431 607 4441 -..---.-....---

316 4563 341 4636 ¹)
361 4561 612 4633 AdrianupoIIm
632 4563 680 4617 LP.
872 4571 877 4638 Ι
927 4563 955 4637 ²)
975 4583 1082 4622 eorum
1099 4567 1204 4621 acuar.
1220 4586 1285 4624 marr.
