3110 5080
345 368 444 424 luuoc.
462 365 496 424 111
508 384 600 424 srrsr.
614 385 652 424 an
665 369 754 424 ducx.
768 367 803 422 Ill
814 367 915 422 lurnn.
929 361 975 422 Gr.
1179 354 1257 429 405

59 539 406 644 excommunicationis
430 539 558 612 vinculo
584 537 742 612 innodati.
771 537 843 612 Nos
862 544 969 610 autem
989 535 1149 631 lmperiall
1175 563 1257 632 pru·

57 667 194 740 dentiae
211 667 320 740 taliter
340 666 488 740 duximus
506 665 784 760 respondendum,
805 665 894 760 quod
912 663 1101 759 praedictus
1112 665 1257 750 Alexius,

58 796 137 866 clim
162 794 204 864 ad
230 796 449 888 praesentiam
476 801 621 866 nostrum
645 793 828 879 accedens,
861 815 995 888 gravem
1020 793 1053 864 iu
1081 802 1195 866 nostra
1224 801 1260 866 et

55 924 200 994 fratrum
240 928 428 996 nostrorum
461 922 669 1016 praesentia,
708 921 815 1018 multis
848 919 1002 992 nobilium
1034 920 1254 996 Romanorum

55 1049 276 1132 adstantibus,
297 1049 471 1143 proposuit
490 1049 728 1142 quaestionem,
748 1070 913 1132 asserens,
933 1047 1021 1142 qnod
1040 1053 1165 1142 petrem
1186 1046 1257 1140 ejus

54 1176 182 1269 injuste
210 1177 358 1270 ceperis,
388 1183 422 1248 et
449 1177 571 1248 feceris
596 1175 692 1246 etiam
720 1175 871 1268 nequiter
897 1174 1086 1254 excaecari,
1116 1197 1176 1246 eos
1200 1173 1256 1246 diu

55 1302 213 1374 detinens
231 1302 389 1376 carcerali
408 1301 580 1378 custodiae
599 1301 815 1395 mancipatus,
844 1307 877 1372 et
896 1301 970 1396 quia
991 1299 1033 1372 ad
1052 1301 1256 1395 superiorem

57 1429 158 1500 nobis
178 1451 244 1500 non
263 1435 397 1524 poterat
419 1429 542 1502 babere
568 1453 755 1514 recursum,
785 1434 820 1500 et
838 1451 918 1512 nos,
942 1431 1037 1522 juxta
1057 1428 1255 1522 apostolum,

56 1581 190 1628 eramus
209 1565 275 1628 tum
294 1557 513 1652 sapientibus,
534 1580 629 1650 quam
647 1556 883 1652 insapientibus
902 1556 1088 1640 debitores,
1108 1557 1138 1628 ei
1152 1556 1255 1650 justi-

54 1687 136 1757 tiam
153 1686 267 1756 lacere
285 1686 490 1758 tenebamur.
521 1687 667 1779 Cumque
686 1708 747 1756 nos
766 1684 872 1757 eidem
891 1683 1094 1756 dedissemus
1112 1707 1255 1778 respon-

54 1835 142 1897 sum,
159 1813 256 1906 juxta
275 1813 364 1907 quod
378 1814 514 1886 uidimus
533 1812 699 1908 expedire,
719 1811 858 1884 recessit
877 1835 896 1882 a
915 1811 1022 1894 nobis,
1043 1817 1077 1882 et
1096 1810 1137 1882 ad
1154 1833 1255 1906 prue-

55 1940 182 2012 dictum
197 1939 389 2036 Philippum,
408 1941 572 2012 sororium
588 1963 695 2020 suum,
710 1938 862 2010 concitus
875 1939 1082 2032 properarit;
1102 1961 1176 2008 cum
1189 1963 1255 2033 quo

54 2066 241 2138 deliberato
262 2065 398 2140 consilio
419 2067 466 2140 sic
486 2067 609 2148 ellecit,
630 2067 717 2158 quod
736 2065 822 2136 idem
841 2065 1009 2159 Philippus
1028 2065 1160 2136 nuntios
1174 2089 1254 2138 suos

54 2194 97 2264 ad
122 2195 292 2288 principes
316 2194 480 2266 exercitus
500 2193 676 2266 Christiani
703 2193 774 2264 sine
799 2191 943 2286 qualibet
968 2191 1122 2264 diletione
1140 2197 1254 2264 trans·

53 2321 154 2404 misit,
180 2343 304 2414 rogans
324 2343 383 2392 eos
403 2327 437 2392 et
455 2326 584 2415 petens,
611 2327 657 2404 ut,
679 2319 753 2413 quia
773 2324 965 2414 paterenus
985 2325 1018 2390 et
1036 2319 1107 2412 ipse
1124 2319 1256 2392 fueraut

49 2449 131 2543 jure
150 2471 213 2520 suo
233 2454 268 2520 et
287 2448 426 2543 Imperio
446 2448 597 2542 nequiter
615 2445 765 2542 spoliati,
793 2469 867 2518 cum
887 2468 929 2519 eo
948 2446 1253 2541 Constantinopoli-

53 2583 167 2648 ouum
183 2575 345 2648 deberent
362 2597 501 2669 reguum
517 2575 651 2660 intrare,
672 2597 712 2648 ac
726 2573 768 2646 ad
782 2572 859 2644 illud
875 2573 1132 2666 recuperandum
1147 2573 1253 2645 eidem

54 2709 230 2799 praestare
247 2703 418 2776 consilinm
445 2709 480 2774 et
503 2703 666 2788 fauorem,
691 2701 886 2797 promittens
905 2701 1044 2786 eisdem,
1072 2701 1162 2795 quod
1187 2708 1252 2774 tam

53 2832 87 2900 in
107 2827 287 2902 subsidium
306 2829 432 2902 Terrae
450 2837 602 2916 sanctae,
625 2853 720 2926 quam
738 2830 772 2902 in
792 2829 941 2924 expensis
967 2835 1001 2902 et
1022 2828 1183 2902 donativis
1203 2830 1252 2902 eis

55 2958 233 3051 magnifice
252 2956 491 3051 responderet;
519 2963 653 3050 paratus
672 2955 770 3028 etiam
789 2957 821 3028 in
842 2955 993 3028 omnibus
1013 2962 1046 3028 et
1064 2979 1125 3051 per
1144 2957 1252 3028 omnia

54 3086 180 3158 uostris
199 3090 289 3156 stare
308 3083 484 3167 mundatis,
511 3091 546 3156 et
564 3083 653 3177 quod
672 3090 917 3156 sacrosanctam
936 3085 1113 3156 Romanum
1131 3083 1251 3158 Eccle-

53 3213 136 3282 siam
162 3209 260 3281 vellet
281 3213 375 3304 juxta
399 3234 499 3304 posse
524 3233 617 3281 suum
645 3210 751 3281 modis
777 3210 927 3282 omnibus
950 3210 1128 3296 bonorare,
1153 3234 1192 3282 ac
1212 3235 1252 3284 ea

54 3338 205 3420 efficere,
226 3361 308 3430 quae
328 3345 463 3410 nostrae
481 3339 592 3410 iurent
611 3337 730 3432 placita
749 3337 918 3408 uoluntati.

146 3465 301 3536 Ceterum
328 3465 406 3536 dicti
431 3465 595 3559 principes
621 3464 802 3544 deliberato
828 3465 967 3536 consilio
994 3465 1258 3559 responderunt,

54 3591 164 3686 quod,
190 3615 264 3662 cum
287 3592 321 3662 in
345 3597 411 3662 tum
435 3592 539 3662 arduo
564 3592 700 3684 negotio
726 3592 797 3662 siue
819 3591 971 3664 mandato
991 3597 1025 3664 et
1050 3593 1247 3664 auctoritate

54 3726 171 3790 nostra
190 3741 255 3790 non
274 3725 412 3812 possent
430 3717 615 3812 procedere
634 3741 696 3790 nec
715 3717 892 3802 deberent,
913 3739 975 3788 nos
994 3717 1147 3790 volebant
1166 3741 1259 3806 con<

52 3845 163 3916 sulere
191 3868 291 3938 super
319 3845 385 3930 his,
415 3868 453 3918 ac
482 3845 596 3916 exinde
624 3843 819 3939 praestolari
849 3851 982 3916 nostrae
1010 3843 1249 3937 beneplacitum

52 3972 249 4056 voluntatis,
279 3971 473 4045 inducentes
497 3973 653 4044 dilectum
678 3971 777 4046 filium
801 3980 969 4056 nostrum,
995 3973 1143 4054 Petrum,
1168 3971 1251 4044 tituli

52 4099 156 4170 sancti
182 4097 325 4170 Marcelli
349 4101 582 4194 Presbyterum
601 4099 822 4181 Cardinalem,
849 4101 901 4194 qui
922 4120 995 4170 cum
1016 4097 1064 4168 eis
1083 4099 1250 4170 transfre-

53 4233 123 4298 tare
144 4225 297 4309 debebat,
317 4233 353 4298 ut
370 4227 412 4298 ad
430 4228 648 4321 praesentiam
662 4233 810 4300 nostram
823 4228 959 4312 rediret,
980 4233 1013 4296 et
1031 4249 1134 4319 super
1151 4250 1251 4321 prae·

52 4353 148 4426 dictis
162 4354 311 4426 omuibus
330 4362 477 4426 nostram
497 4357 677 4447 inquireret
696 4355 908 4428 uoluntatem.
930 4353 1049 4424 Verum
1063 4353 1147 4424 idem
1164 4355 1251 4426 Car-

53 4480 186 4563 diualis,
212 4479 252 4550 ad
270 4483 490 4575 praesentiam
508 4489 654 4554 nostram
673 4483 853 4568 accedeus,
881 4482 987 4554 omnia
1007 4480 1102 4552 nobis
1122 4481 1251 4552 curavit

53 4629 242 4704 proponere
262 4606 456 4702 diligentem
485 4615 610 4680 etcum
629 4608 732 4682 muntii
755 4610 801 4682 tui
821 4609 863 4682 ad
882 4614 1029 4680 nostram
1048 4609 1251 4683 accesserint
