3120 5078
303 361 378 434 370
420 371 538 424 Pncnun
552 371 674 426 flunmen
687 371 817 426 Danaum
831 387 889 426 cun
901 373 1054 426 Bomrnoro
1069 371 1263 424 llonmssssa.
1276 383 1360 422 carr.

304 540 416 611 etaliis
427 543 531 612 exacti
547 541 714 634 sanguinis
730 543 806 612 viris
817 543 989 635 inspirare,
998 547 1034 612 ut
1044 541 1152 611 crucis
1163 548 1333 612 caractere
1346 539 1487 632 insigniti

302 669 335 740 in
355 693 448 740 suum
468 669 636 740 seruitium
654 693 743 740 arma
764 669 938 740 sumeretis
958 674 1073 739 contra
1093 668 1283 739 barbaricas·
1299 667 1486 762 pravitates.

393 795 485 867 Unde
519 820 577 867 vos
610 797 750 868 decocta
786 797 974 868 maturitate
1005 801 1199 889 pensantes,
1237 817 1300 866 nec
1332 794 1487 876 ridentes,

305 923 391 1017 quod
415 930 505 994 terre
525 931 639 994 sancte
658 929 770 1018 posset
796 946 944 1017 umquam
969 931 1033 994 tam
1062 925 1237 996 salubriter
1265 923 1431 994 subveniri
1459 925 1491 991 et

303 1051 563 1122 adversariorum
582 1051 666 1122 colla
688 1051 828 1133 domari,
849 1073 944 1143 quam
963 1053 990 1121 si
1009 1053 1146 1122 asociati
1166 1051 1337 1123 nobiscuun
1355 1059 1489 1122 auctore

305 1177 435 1250 domino
462 1180 628 1250 servitium
654 1179 717 1250 hoc
742 1177 925 1249 faciendum
949 1202 1188 1250 assumeremus
1211 1178 1303 1250 simul
1321 1219 1373 1229 —
1393 1201 1491 1272 quare

304 1305 347 1376 ad
371 1330 431 1376 nos
456 1307 544 1377 viros
572 1307 684 1398 utiquc
711 1305 849 1386 nobiles,
875 1305 1044 1376 Cononem
1063 1305 1103 1376 de
1122 1307 1271 1388 Betunia,
1291 1305 1491 1377 Gaufredum

304 1433 557 1514 marescalcum,
593 1433 775 1504 iohannem
812 1432 853 1501 de
891 1433 1024 1526 friges,
1057 1431 1213 1503 Alardum
1247 1432 1492 1524 blaquerellum,

304 1559 469 1631 llillonem
498 1559 540 1630 de
564 1559 707 1630 Pruuino
737 1566 770 1629 et
798 1557 977 1629 Galterium
1004 1559 1046 1629 de
1073 1559 1283 1631 Gaudonrilla
1309 1557 1495 1630 transmisi-

306 1687 383 1770 stis,
427 1687 647 1781 supplicantes
688 1687 869 1770 attencius‚
908 1691 945 1757 ut
981 1685 1084 1757 divine
1122 1687 1340 1757 miserationis
1379 1686 1494 1756 intuitu

305 1814 397 1884 vobis
423 1816 575 1886 daremus
601 1813 791 1885 conscilium
815 1819 849 1884 et
873 1813 1022 1885 auxilium
1048 1815 1080 1884 in
1104 1812 1169 1885 boc
1194 1815 1303 1896 facto,
1334 1815 1413 1907 quia
1437 1835 1494 1882 ros

306 1947 340 2012 et
370 1948 480 2013 vestra
516 1949 630 2014 nostro
664 1966 800 2036 prorsus
834 1941 992 2013 conscilio
1026 1943 1237 2035 exponebatis
1271 1947 1304 2012 et
1336 1939 1495 2011 uoluntati

308 2073 342 2138 et
356 2077 473 2140 nostro
489 2069 626 2140 consilio
647 2069 758 2140 facere
774 2075 891 2140 cuncta
910 2069 1082 2152 volebatis,
1102 2093 1165 2163 que
1183 2069 1315 2139 fuerant
1332 2069 1494 2138 facienda.

397 2197 493 2283 Quod
507 2219 580 2282 nos,
597 2197 756 2266 Henricus
771 2195 949 2277 Dandulus,
965 2197 1017 2266 dei
1031 2197 1144 2290 gracia
1161 2195 1312 2280 Venecie,
1329 2195 1494 2267 Dalmacie

307 2329 407 2417 atque
422 2324 581 2396 Chrcacie
600 2323 684 2408 Dux,
704 2323 886 2406 audientes,
906 2323 1032 2394 nunciis
1051 2329 1085 2393 et
1104 2323 1222 2393 litteris
1241 2323 1336 2393 nobis
1351 2347 1370 2393 a
1386 2329 1495 2394 uestra

308 2457 403 2544 parte
432 2453 617 2548 porrectis,
648 2475 704 2534 ea,
737 2475 800 2544 qua
829 2451 957 2535 decuit,
985 2451 1235 2522 honorificentia
1263 2457 1297 2521 et
1324 2451 1495 2522 alacritate

307 2579 463 2671 receptis,
491 2603 528 2650 er
547 2579 659 2648 intimo
679 2579 797 2649 fuimus
817 2579 933 2648 mentis
952 2585 1067 2651 nostre
1086 2577 1201 2672 gavisi,
1227 2585 1262 2648 et
1281 2577 1496 2650 decessorum

307 2713 497 2780 nostrorum
511 2708 699 2777 memoriam
713 2707 884 2790 facientes,
900 2709 953 2800 qui
963 2707 1239 2778 Jerosolomitano
1250 2729 1358 2800 regno
1369 2707 1496 2801 magni·

308 2834 369 2904 tice
389 2835 642 2929 opportunitatis
667 2841 820 2928 tempore
845 2839 1098 2915 succurrerunt,
1124 2833 1211 2904 unde
1229 2835 1338 2928 adepti
1363 2835 1497 2905 fuerunt

310 2961 478 3032 voluntate
497 2956 655 3054 domiui¹)
676 2963 814 3056 gloriam
833 2968 867 3032 et
884 2961 1054 3031 bonorem.

398 3091 450 3162 Ad
471 3092 707 3162 exortationem
727 3093 823 3162 etiam
845 3091 959 3161 summi
978 3089 1155 3173 Pontificis,
1176 3092 1229 3184 qui
1245 3091 1286 3160 ad
1305 3088 1372 3160 hoc
1386 3089 1496 3184 sepius

310 3242 373 3290 nos
401 3225 536 3314 paterna
561 3217 790 3291 sollicitatione
810 3217 1027 3304 commonuit,
1057 3225 1091 3290 et
1110 3220 1185 3312 quia
1203 3242 1269 3288 non
1287 3217 1496 3313 ambigimus,

310 3369 368 3417 ros
388 3345 469 3417 velle
489 3345 608 3417 devote
628 3347 703 3439 [et]
722 3370 796 3417 cum
814 3347 956 3441 puritate
975 3371 1014 3417 ac
1033 3345 1171 3418 fideliter
1188 3345 1354 3428 laborare,
1379 3370 1498 3440 preces

312 3481 439 3546 vestras
463 3475 495 3545 in
521 3473 647 3546 honore
678 3475 796 3546 domini
826 3473 1010 3546 admisimus
1036 3471 1157 3545 affectu
1186 3473 1298 3544 cordis
1327 3480 1364 3544 et
1390 3475 1498 3546 tocius

311 3601 406 3672 animi
425 3601 621 3696 dilligenter.

399 3730 569 3800 Petierunt
586 3730 696 3822 itaque
715 3729 892 3823 supradicti
912 3729 1032 3811 nuncii,
1052 3733 1089 3798 ut
1107 3729 1198 3798 vobis
1218 3727 1383 3821 navigium
1398 3728 1499 3800 dare-

312 3879 382 3927 mus
410 3856 452 3926 ad
478 3856 740 3928 transfretandas
769 3863 909 3950 quatuor
935 3856 1018 3925 milia
1045 3855 1242 3949 quingentos
1268 3854 1390 3925 milites
1416 3855 1500 3926 bene

313 3989 457 4054 armatos
477 3990 510 4054 et
528 3983 664 4054 totidem
685 4007 800 4079 equos,
821 3990 855 4054 et
873 4005 990 4053 novem
1010 3981 1094 4051 milia
1108 3982 1286 4052 scutiferos
1307 3981 1368 4073 (de
1385 3982 1500 4076 quibus

313 4111 490 4195 scutiferis,
510 4111 537 4180 si
557 4111 757 4194 defecerint,
787 4117 961 4203 argentum
980 4109 1116 4179 inferius
1135 4109 1255 4180 dictum
1276 4107 1373 4180 uobis
1393 4115 1501 4180 tamen

282 4265 286 4276 ·
314 4239 409 4309 minui
435 4260 500 4308 non
527 4235 659 4330 debet),
690 4245 724 4309 et
743 4237 856 4332 viginti
880 4235 965 4307 milia
991 4235 1118 4329 pedites
1136 4237 1222 4307 bene
1240 4241 1402 4320 armatos,
1429 4259 1499 4309 cum

314 4363 507 4435 victualibus
526 4363 566 4434 ad
585 4385 682 4435 unum
702 4386 833 4447 annum,
854 4363 942 4456 quod
962 4364 1008 4433 eis
1028 4363 1108 4435 dare
1127 4365 1366 4458 promissimus.

340 4595 367 4664 ²)
387 4595 516 4647 domino
535 4595 594 4646 cbd.
