3110 5076
404 367 496 422 Esrsr.
507 365 603 422 lnuoc.
615 367 649 422 ΙΙΙ
663 383 700 420 nn
712 365 811 422 Ducsu
825 367 930 422 leuna.
1176 349 1251 426 235

82 534 306 630 indulgemus,
331 537 408 608 illud
433 539 528 609 ctiam
552 537 745 609 Laterauen.
766 517 900 631 Concilij
926 537 1138 610 constitutum
1157 560 1254 609 eura-

84 662 184 734 nimus
203 664 374 748 innovare,
394 665 481 760 quod
500 689 574 746 eos,
594 667 646 758 qui
666 664 839 738 Saracenis
858 689 963 749 mma,
983 665 1122 746 lcrrum,
1147 665 1254 758 ligna·

82 791 164 860 mina
184 790 348 884 galearum
368 792 550 863 ministrare
569 793 864 887 praesumpserint,
890 799 924 864 et
942 793 973 862 iu
994 792 1097 886 galeis
1116 796 1150 862 et
1167 791 1257 884 pira·

84 916 155 986 ticis
175 939 290 989 eorum
313 919 444 990 navibus
468 943 577 992 curam
607 920 836 1013 gubernatoris
860 927 893 991 et
916 921 1063 1012 regimen
1089 939 1256 1000 exercere,

85 1044 123 1114 ab
143 1044 313 1117 Ecclesiae
331 1049 555 1120 communione
579 1049 700 1141 precidi
721 1055 754 1119 et
773 1047 1093 1119 excommunicationi
1118 1069 1179 1142 pro
1198 1068 1257 1116 sua

5 1243 6 1256 2
85 1171 254 1264 iniquitate
278 1175 445 1266 subjectos
472 1199 580 1246 rerum
606 1199 735 1246 suarum
760 1199 818 1268 per
837 1175 1003 1269 Principes
1022 1174 1121 1245 seculi
1142 1173 1258 1243 catbo·

83 1297 164 1369 licos
193 1306 227 1370 et
251 1301 410 1372 Consules
436 1303 597 1374 civitatum
624 1304 803 1397 privatione
829 1295 973 1386 multari,
1003 1309 1036 1372 et
1062 1301 1257 1396 capientium

5 1485 6 1490 ,
84 1451 212 1512 seruos,
227 1427 257 1497 si
270 1431 355 1524 capti
370 1430 501 1514 luerint,
520 1431 592 1501 lore
607 1431 774 1512 decernit;
794 1429 836 1502 ad
851 1430 1012 1524 exemplar
1025 1429 1128 1500 lelicis
1142 1450 1259 1498 recor·

82 1554 225 1626 dationis
254 1557 408 1650 Gregorij
434 1559 558 1652 Papae,
591 1559 857 1653 praedecessoris
887 1558 1008 1640 nostri,
1041 1579 1153 1628 omues
1187 1554 1260 1624 illos

83 1684 424 1756 excommunicationis
434 1687 614 1756 sentcntiae
625 1687 863 1780 supposuimus,
879 1686 1019 1777 quicum
1034 1685 1081 1754 eis
1096 1683 1259 1754 de'cetero

85 1809 206 1882 babere
233 1813 444 1897 consortium,
470 1815 518 1884 rel
543 1839 604 1908 per
629 1839 666 1884 se
691 1815 740 1885 vel
767 1837 826 1907 per
849 1813 941 1895 alios,
967 1811 1099 1882 naribus
1118 1835 1175 1881 seu
1196 1809 1259 1880 alio

5 1951 6 1954 ’
85 1961 282 2032 quocunque
316 1941 449 2033 ingenio
477 1941 582 2034 aliqua
609 1965 717 2014 rerum
745 1963 874 2012 suarum
902 1939 1045 2010 subsidia
1073 1935 1260 2032 impendere

85 2065 133 2135 vel
150 2067 374 2138 transmittere
388 2071 626 2152 attentaverint,
647 2068 796 2162 quamdiu
810 2068 894 2138 iuter
909 2089 969 2138 nos
983 2072 1018 2138 et
1036 2067 1124 2160 ipsos
1139 2085 1259 2159 guerra

5 2249 6 2260 ,
88 2192 225 2263 durarit.

194 2319 315 2390 Verum
342 2319 536 2392 accedentes
565 2343 667 2414 nuper
699 2321 740 2391 ad
768 2321 981 2413 apostolicam
1009 2319 1120 2389 sedem
1152 2317 1262 2388 dilecti

88 2445 141 2539 filij
161 2445 290 2517 nobiles
309 2449 380 2532 viri,
400 2447 548 2517 Andreas
566 2447 711 2517 Donatus
732 2452 766 2516 et
784 2445 980 2518 Benedictus
1000 2446 1135 2529 Grilion,
1158 2441 1260 2535 nuutij

87 2575 199 2656 vestri,
220 2573 313 2644 nobis
329 2596 490 2666 exponere
509 2581 715 2658 curaverunt,
737 2573 824 2666 quod
844 2597 881 2644 en
900 2573 1131 2645 constitutione
1149 2571 1262 2642 buius-

88 2701 174 2772 modi
189 2701 308 2772 civitati
324 2706 451 2770 restrae
465 2703 650 2792 proveniret
668 2723 732 2771 non
748 2681 908 2772 modicum
923 2702 1161 2782 detrimentum,
1182 2719 1264 2791 quae

87 2849 151 2896 uon
173 2826 380 2920 agriculturis
402 2827 545 2908 inservit,
565 2827 623 2896 sed
642 2829 776 2922 navigiis
796 2828 903 2922 potius
924 2835 957 2899 et
975 2827 1191 2898 mercimoniis
1211 2832 1265 2896 est

89 2953 230 3022 intenta:
249 2976 311 3024 uos
326 2953 426 3045 igitur
445 2959 580 3045 paterno
600 2951 779 3024 dilectionis
799 2955 929 3038 ellectu,
949 2977 1042 3047 quem
1057 2955 1098 3024 ad
1113 2978 1171 3025 vos
1186 2977 1264 3047 spe-

89 3081 214 3151 cialiter
232 3079 408 3164 habemus,
432 3081 571 3164 inducti,
595 3081 656 3152 sub
685 3081 887 3152 districtione
913 3080 1125 3152 anathematis
1150 3079 1264 3176 probi-

88 3208 217 3288 bentes,
235 3231 277 3276 ne
291 3209 323 3276 in
334 3209 437 3290 ferro,
453 3215 560 3302 stupa,
581 3211 664 3301 pice,
684 3211 788 3279 acutis
802 3209 982 3302 pironibus,
997 3209 1139 3293 lunibus,
1155 3210 1264 3290 armis,

89 3334 206 3427 galeis,
226 3335 359 3404 naribus
374 3341 407 3404 et
424 3335 661 3427 lignaminibus,
677 3337 797 3430 paratis
817 3335 867 3405 rel
886 3337 1060 3428 imparatis,
1080 3335 1264 3418 vendendo,

5 3539 7 3558 ,
90 3459 255 3543 donando,
275 3460 326 3530 vel
339 3461 566 3531 commutando
581 3461 769 3532 Sarnaceais
783 3463 965 3532 ministrare
977 3462 1153 3533 subsidium
1167 3485 1265 3554 prae-

5 3563 6 3626 Ῐ
90 3587 235 3670 sumatis,
251 3589 445 3658 sustinemus
458 3589 499 3658 ad
513 3594 651 3682 tempus,
673 3590 777 3659 donee
791 3612 889 3681 super
903 3589 966 3661 boc
981 3589 1065 3660 aliud
1081 3589 1265 3660 dederimus

91 3715 182 3784 robis
213 3715 246 3784 in
275 3715 443 3795 mandatis,
473 3717 568 3787 utin
596 3739 734 3809 regnum
761 3717 901 3809 Aegypti
928 3717 978 3786 vcl
1005 3716 1176 3810 Babylonis
1205 3716 1266 3786 alia

91 3840 197 3912 luituri
217 3845 424 3924 commercia,
445 3867 517 3914 cum
536 3867 672 3914 necesse
691 3845 799 3928 suerit,
823 3845 1060 3924 transfretetis3
1081 3849 1265 3936 sperantes,

93 3969 177 4060 quod
199 3975 334 4062 propter
353 3970 435 4041 banc
454 3972 592 4064 gratiam
611 3974 642 4040 iu
661 3971 837 4042 subsidium
856 3970 1167 4065 Hierosolymitanae
1186 3993 1266 4063 pro-

93 4095 216 4164 inciae
234 4095 378 4167 debeatis
397 4098 514 4166 fortius
533 4099 678 4179 animari,
705 4100 882 4191 provisuri,
912 4122 952 4168 ne
973 4097 1049 4190 quid
1068 4100 1099 4166 in
1118 4097 1265 4168 lraudem

93 4221 180 4292 circa
199 4229 355 4294 statutum
373 4225 586 4318 apostolieum
612 4226 842 4319 praesumatis:
868 4227 941 4319 quia
959 4225 1090 4296 dubium
1109 4249 1183 4295 esse
1203 4247 1268 4295 uon

95 4350 201 4434 debet,
217 4375 290 4422 eum
306 4353 409 4422 diviua
422 4352 516 4447 ligari
532 4355 701 4436 sententia,
722 4355 775 4447 qui
790 4363 903 4425 contra
918 4355 1081 4449 propriam
1096 4354 1268 4424 conscien-

95 4479 169 4548 tiam
187 4480 219 4548 in
239 4478 416 4550 elusionem
435 4479 530 4572 hujus
549 4479 688 4550 mandati
709 4481 931 4552 fraudulenter
950 4480 1067 4574 aliquid
1086 4479 1268 4551 attentabit.

182 4606 313 4687 Datum,
333 4611 484 4700 utsupra
506 4605 571 4698 (sc.
591 4605 728 4677 baranum
746 4607 786 4677 lll
806 4609 915 4680 Nonas
933 4607 1153 4700 Decembris).
