3110 5080
486 381 624 438 Ρκκτιτιο
638 397 725 438 uum
738 381 857 437 ίὶιικεοι.
1183 367 1260 440 455

76 552 117 610 τό
140 546 294 632 ἐλέγουν
318 545 440 622 ἄλλοι,
467 547 544 610 Ἀπό
561 553 614 618 την
630 552 739 633 χώραν
757 559 812 619 τῆς
827 545 934 610 πολέου
951 553 1002 610 καί
1017 545 1089 618 όλης
1106 555 1162 618 τῆς
1181 543 1261 608 Ῥω-

75 663 204 740 μανίας,
219 657 341 729 Καθὼς
358 661 391 720 τό
412 661 564 744 γράφεται
589 658 691 740 άκόμα
713 656 857 728 όδοῡκας
878 668 935 729 τῆς
957 657 1099 728 Βενετίας
1122 659 1178 730 Εἰς
1201 662 1260 729 τάς

75 772 204 854 γραφάς
225 774 276 832 καί
298 769 342 839 εἰς
364 775 417 839 τὴν
440 774 528 850 τιμὴν
552 777 608 840 τῆς
624 768 807 839 αότενθείας
826 767 895 829 ’που
912 771 986 852 ἔχει.
1003 803 1047 816 -
1065 769 1258 850 Georgius

75 877 267 944 Phrantza
287 877 316 948 1.
334 872 392 941 34:
411 875 460 963 (ρ.
475 875 539 940 106
551 897 598 961 sq.
615 877 663 940 ed.
680 875 809 961 Bonn.):
834 878 962 940 Ἔπειτα
978 884 1032 961 μὲν
1049 889 1109 942 τῶν
1129 877 1256 944 Ἰταλῶν

74 989 119 1060 εἰς
136 987 320 1072 πολυμερίαν
336 992 390 1057 τὴν
405 992 578 1071 μοναρχίαν
598 983 761 1067 Ῥωμαίων
785 986 1036 1071 κληρωσαμένων,
1059 993 1110 1049 καί
1128 996 1182 1050 τοῦ
1204 993 1258 1070 μέν

74 1100 210 1180 κόμητος
230 1094 413 1160 Βαλδουίνου
437 1094 592 1180 βασιλίως
618 1095 884 1180 ἀναγορευθέντος
900 1097 1257 1170 Κωνσταντινουπόλεως,

73 1217 128 1270 τοῦ
146 1205 180 1269 δέ
199 1207 335 1291 Ἐνρίκου
351 1203 523 1268 Δαντοόλου
540 1202 647 1276 δουκδς
662 1206 814 1276 Βενετίας,
832 1205 867 1276 δς
881 1211 932 1268 καί
948 1208 1041 1278 αὐτὸς
1057 1187 1257 1292 αότοτρόπως

74 1313 165 1400 (loge
181 1311 446 1400 αότοπροοώπως)
468 1324 581 1398 παρῆν,
603 1311 712 1398 μερίδα
730 1316 763 1375 οό
779 1317 886 1398 μικράν
904 1317 982 1397 ἔχειν
999 1311 1033 1389 ἐξ
1046 1313 1115 1379 ὅλου
1132 1319 1257 1401 πρόςτό

75 1423 160 1494 όλον,
193 1425 268 1494 ὅσας
296 1425 406 1508 χώρας
430 1445 461 1486 τε
485 1429 535 1486 καί
561 1425 674 1494 τόπους
698 1425 813 1486 τδτῶν
839 1422 966 1488 Ἰταλῶν
989 1425 1135 1496 ἐκτήσατο
1158 1429 1256 1510 γένος,

74 1539 191 1594 τούτων
219 1533 298 1616 ἐχειν
328 1535 368 1594 τό
403 1536 588 1616 τίταρτον
622 1537 683 1594 καί
718 1540 781 1593 τοῦ
814 1535 1008 1616 τετάρτου
1041 1536 1173 1615 ἥμισυ,
1208 1540 1258 1596 καί

73 1640 224 1713 δεσπότης
241 1645 327 1725 παρὰ
343 1649 397 1702 τοῦ
419 1638 573 1724 βασιλέως
589 1647 758 1723 τετίμηται·
776 1644 791 1704 ό
808 1639 841 1724 δέ
856 1639 1005 1726 Δάβαλος
1022 1643 1146 1727 πρίγκιψ
1162 1642 1256 1706 Πελο-

73 1756 225 1828 ποννησον
241 1753 367 1834 ἐγένετο,
384 1751 399 1812 ό
417 1747 449 1812 δέ
468 1747 630 1831 Ῥωμανός
644 1747 854 1824 Δελατζιόλης,
872 1753 886 1813 ὁ
900 1753 930 1812 ἐκ
942 1751 1139 1834 Φλωρεντίας
1154 1754 1257 1835 ὁρμώ-

74 1881 181 1942 μενος,
208 1868 357 1944 χρήματα
386 1857 531 1930 δανείσας
557 1865 600 1940 τῷ
630 1856 787 1940 συνδέσμῳ
815 1858 912 1923 πολλά
939 1867 989 1924 καί
1014 1859 1183 1932 ἀναλώσας
1205 1869 1256 1926 καί

75 1972 277 2056 αὐτοτρόπως
297 1967 383 2055 (lege
406 1966 671 2054 αότοπροσῶπως)
694 1972 800 2052 παρὼν
823 1968 870 2039 ἦν,
893 1975 946 2038 τὴν
970 1979 1027 2040 τῆς
1045 1968 1190 2041 Ἀθήνας
1205 1977 1255 2035 καί

75 2076 193 2161 Θὴβας
212 2075 321 2163 μερίδα
343 2080 485 2161 ἐπέτυχεν
506 2079 659 2161 ἐνέχυρον.
684 2078 743 2139 Καί
766 2080 794 2139 οί
807 2077 962 2162 Λιγοόριοι
986 2082 1052 2150 ἤτοι
1075 2078 1254 2164 Γενουβῖται

73 2189 190 2265 όμοίως
212 2194 266 2258 τὴν
294 2197 349 2259 τῆς
365 2188 499 2272 Εὐρίπου
519 2197 608 2256 νῆσον
635 2192 685 2248 καί
712 2189 821 2271 ἐτέρων
844 2190 944 2250 τόπων
967 2198 1076 2274 μοῖραν
1101 2191 1254 2275 ἐνέτυχον·

72 2297 197 2380 ὕστερον
220 2294 252 2358 δέ
275 2303 325 2358 καί
348 2299 432 2358 αὐτοί
448 2303 511 2368 τοῖς
530 2293 664 2366 Ἑνετοῖς
678 2301 731 2364 τὸν
747 2294 887 2379 Εὔβοιαν
904 2295 1035 2360 ἐδωσαν.
1063 2297 1189 2370 Ἐπειδὴ
1205 2307 1255 2362 καί

72 2406 281 2494 όΒονιράτιος
300 2411 435 2491 μαρκίων
451 2413 504 2468 τοῦ
520 2405 770 2492 Μοντερερράτου
788 2401 937 2490 ἀξιολόγῳ
950 2413 1044 2492 μοίρορ
1059 2413 1112 2479 τὴν
1130 2429 1255 2491 συμμα-

72 2521 148 2600 χίαν
169 2515 206 2586 ἦν
231 2517 438 2600 ἐνεγκάμενος,
462 2520 512 2576 καί
533 2512 720 2599 κυβερνήτης
744 2518 859 2587 παντὸς
880 2523 937 2576 τοῦ
958 2523 1104 2601 χερσαίου
1122 2527 1254 2602 στρατοῦ

72 2625 261 2711 ἐγνωρίζετο,
278 2621 337 2712 ρὴξ
350 2624 572 2696 Θεσσαλονίκης
587 2629 673 2710 παρὰ
689 2634 741 2686 τοῦ
758 2622 913 2708 βασιλέως
929 2625 1113 2691 Βαλδουῖνου
1130 2633 1253 2710 τετίμη-

72 2757 135 2806 ται,
157 2740 208 2798 καί
223 2739 242 2806 ἡ
259 2744 351 2806 νῆσος
375 2737 451 2806 αὕτη
473 2743 530 2806 τῆς
546 2735 668 2816 Κρήτης
689 2739 767 2816 μετά
789 2743 849 2796 τῶν
868 2733 966 2799 ἄλλων
984 2737 1013 2798 ἐν
1030 2747 1066 2817 τῇ
1084 2735 1146 2817 ίδίορ
1162 2743 1255 2822 μοίρᾳ

72 2847 207 2929 ἐνέτυχε.
225 2843 310 2906 Μετὰ
323 2840 356 2905 δέ
368 2864 434 2904 τινα
446 2847 549 2927 καιρόν
561 2841 740 2913 ἐπεπωλήκει
757 2845 850 2913 αὐτὴν
867 2855 903 2924 τῇ
920 2853 981 2907 τῶν
997 2843 1128 2910 Ἐνετῶν
1145 2869 1254 2932 γερου-

73 2959 137 3034 σίσρ·
170 2955 219 3017 καί
243 2955 339 3024 οὕτως
361 2955 435 3038 ἄχρι
457 2963 513 3024 τῆς
534 2959 662 3038 σήμερον
685 2957 740 3016 ὑπό
765 2959 823 3023 τὰς
846 2963 956 3039 χεῖρας
984 2959 1084 3019 αὐτῶν
1112 2959 1185 3022 ἐστί.
1210 2993 1253 3004 -

71 3061 1251 3151 LaonieusChaleoeondylasrerum‘l'ureicarumlibrolV(ed.Bonn.

72 3192 101 3254 μ.
120 3171 218 3252 207);
246 3168 357 3234 Ὁπότε
379 3174 425 3234 ἐπί
445 3173 517 3241 τοὺς
533 3170 695 3244 Ἕλληνας,
713 3175 876 3257 ἐνάγοντος
891 3183 944 3236 τοῦ
963 3169 1127 3256 Ῥωμαίων
1145 3178 1251 3260 ἀρχιε-

71 3287 162 3366 ρέως,
184 3284 396 3366 ἐστρατεύοντο
418 3284 447 3342 οἱ
468 3284 528 3344 άπό
551 3291 606 3352 τῆς
628 3285 759 3368 ἐσπέρας
779 3281 884 3346 Κελτοί
900 3305 931 3346 τε
947 3285 1016 3366 ἅμα
1037 3290 1087 3346 καί
1106 3285 1253 3358 Οόενετοί,

71 3395 138 3454 τότε
156 3389 194 3462 δὴ
210 3398 260 3454 καί
272 3395 300 3454 οἱ
311 3391 370 3454 ἀπό
383 3389 565 3462 Νεαπόλεως
574 3399 626 3452 τοῡ
639 3388 790 3474 βασιλέως
803 3397 851 3454 καί
864 3392 924 3454 άπὸ
934 3391 1098 3480 Τυρρηνῶν
1112 3395 1252 3478 ὥρμηντο

73 3499 185 3584 ἄνδρες
221 3502 270 3563 καί
310 3498 447 3562 Ἰανυίων
482 3503 564 3582 μέγα
593 3497 752 3581 δυνάμενοι
786 3501 832 3562 ἐπί
860 3507 913 3572 τὴν
943 3514 1000 3575 τῆς
1029 3502 1254 3575 Πελοποννήσου

71 3633 103 3672 τε
120 3612 189 3693 ἅμα
211 3615 261 3672 καί
283 3619 339 3679 τῆς
362 3606 456 3680 ἄλλης
475 3595 622 3679 Ἑλλάδος
644 3615 867 3696 καταστροφὴν.
893 3613 953 3674 Καί
970 3618 1022 3683 τὴν
1039 3617 1138 3696 μέντοι
1155 3613 1252 3678 Πελο-

71 3724 218 3793 πόννησον
240 3719 479 3804 κατεστρέψοιντο
505 3717 589 3782 ἄλλοι
610 3741 643 3780 τε
666 3727 714 3781 καί
739 3721 799 3782 ἀπὸ
823 3729 879 3792 τῆς
903 3721 1040 3784 Ἰανυῖων
1064 3729 1176 3808 μοίρας
1199 3731 1253 3786 τοῦ

72 3833 153 3893 οἴκου
169 3831 335 3915 Ζαχαρίων
353 3828 391 3914 (l.
410 3831 605 3913 Ζαχαριῶν),
628 3835 681 3900 τήν
698 3851 729 3891 τε
748 3829 884 3914 Ἀχαίαν
901 3837 950 3892 καί
967 3830 1088 3904 Ἤλιδος
1104 3838 1144 3895 τά
1160 3833 1252 3898 πλείω

71 3944 122 4002 καί
133 3936 171 4009 δὴ
185 3945 234 4000 καί
249 3937 345 4001 Πύλον
364 3939 413 3998 καί
426 3937 565 4010 Μεσηνης
580 3936 659 4022 (sie)
673 3941 781 4022 χώραν
798 3942 849 4000 οόκ
865 3938 975 4022 ὀλίγην,
993 3944 1058 4003 ἐστε
1075 3947 1122 4003 ἐπί
1138 3941 1251 4006 Λακω-

69 4056 150 4120 νικὴν
173 4047 290 4112 ἐλάσαι.
315 4051 377 4119 Τὴν
393 4053 492 4130 μέντοι
508 4052 670 4132 μεσόγαιον
687 4059 743 4120 τῆς
758 4047 985 4120 Πελοποννήσου
1008 4059 1146 4135 κατεῖχον
1165 4056 1252 4116 αότοί

70 4182 102 4223 τε
117 4159 344 4230 Πελοποννήσιοι
362 4156 516 4230 Ἕλληνες·
541 4153 702 4240 ξύμπασαν
727 4157 758 4220 δέ
781 4164 834 4229 τὴν
856 4159 1003 4244 παράλιον
1026 4171 1083 4232 τῆς
1098 4161 1251 4225 Πελοπον-

69 4275 163 4340 νήσου
186 4271 215 4329 οἱ
237 4271 297 4330 ἀπό
318 4280 373 4338 τῆς
395 4271 526 4352 ἐσπέρας
549 4267 828 4352 καταστρεψάμενοι
854 4267 933 4354 εἶχον
955 4269 1060 4333 Κελτοί
1083 4294 1115 4333 τε
1138 4269 1175 4342 δὴ
1203 4279 1254 4335 καί

70 4376 266 4462 Κελτίβηρες·
285 4379 410 4439 καὶτῶν
431 4377 568 4439 ’λανυίωυ
590 4382 640 4438 καί
652 4375 817 4462 Τυρρηνῶν
836 4376 912 4442 ἄλλα
930 4401 961 4441 τε
977 4385 1027 4441 καί
1044 4377 1080 4450 δὴ
1097 4387 1147 4442 καί
1166 4378 1252 4444 Ῥαι-

69 4493 171 4573 νέριος
189 4489 249 4550 άπό
264 4485 460 4572 Φλωρεντίας
477 4487 658 4574 ἀφικόμενος
674 4471 720 4548 ἐπί
736 4497 772 4568 τῇ
789 4509 825 4571 γε
841 4497 971 4572 στρατιᾷ
987 4495 1083 4574 ταότη
1100 4499 1152 4552 τοῦ
1170 4493 1249 4553 οίκου

70 4607 131 4660 τῶν
147 4596 317 4672 Ἀζαίόλων
331 4603 384 4669 τὴν
396 4617 427 4659 τε
441 4597 581 4669 Ἀττικὴν
594 4601 724 4682 κατέσχε
737 4603 786 4660 καί
797 4599 964 4662 Βοιωτίαν.
980 4646 988 4662 .
1004 4605 1072 4663 .καί
1085 4599 1251 4676 Φωκαίδος
