3130 5078
462 395 559 449 innoc.
570 393 605 450 lll
616 411 708 448 nrrsr.
722 409 758 446 nn
771 393 830 445 lun.
845 391 890 445 Cn.
1186 377 1261 450 555

81 565 224 636 offerant
242 564 358 635 vitulos
376 563 547 634 labiorum.
567 563 739 636 Translato
759 585 841 657 ergo
862 564 1011 655 lmperio,
1033 561 1262 643 necessarium,

81 698 119 761 ut
137 692 221 761 ritus
241 690 417 762 sacerdotii
436 691 665 774 transferatur,
684 695 844 784 qnatenus
863 689 1031 783 Ephraim,
1051 711 1204 758 reversus
1223 686 1263 756 ad

80 817 215 900 ludam,
242 817 274 887 in
293 817 413 910 azymis
437 817 634 886 sinceritatis
653 823 687 886 et
704 817 867 898 veritatis,
894 820 1076 910 expurgato
1101 813 1262 885 termento

80 946 196 1028 veteri,
216 943 378 1038 epuletur.

171 1070 215 1141 Ut
242 1077 350 1141 autem
374 1071 405 1140 in
431 1069 605 1140 deuotione
624 1092 663 1140 ac
682 1069 755 1140 fidei
775 1067 916 1163 puritate
932 1067 1024 1158 juxta
1043 1067 1263 1138 institutiones

81 1204 316 1269 sacrosanctae
331 1198 496 1270 Romanae
507 1196 687 1280 Ecclesiae,
707 1219 802 1292 qnam
816 1197 973 1267 Dominus
988 1193 1128 1265 omnium
1144 1193 1263 1264 Eccle-

79 1323 199 1394 siarum
220 1331 354 1395 matrem
374 1325 543 1396 constituit
562 1331 595 1394 et
614 1323 815 1416 magistram,
835 1323 1003 1416 praedicta
1023 1321 1172 1393 Ecclesia
1190 1321 1262 1416 ple·

80 1447 153 1518 nius
179 1449 387 1532 informetur,
418 1474 496 1536 nos,
522 1449 575 1544 qui
599 1471 708 1520 curam
732 1472 852 1543 gerere
879 1451 1017 1519 omniurn
1042 1447 1262 1520 Ecclesiurnm

79 1581 242 1658 tenemur,
263 1577 379 1670 quibus
398 1578 430 1645 in
449 1577 547 1650 bento
563 1577 663 1646 Petro
683 1577 841 1670 praecipit
858 1576 1015 1646 Dominus
1031 1598 1168 1669 pascere
1184 1598 1263 1645 oues

78 1725 177 1784 suas,
208 1703 308 1796 ipsam
336 1707 488 1796 tanquam
513 1701 607 1774 liliam
633 1702 844 1796 principalem
872 1709 905 1772 et
934 1703 1107 1796 specialem
1134 1702 1263 1772 uisitare

78 1827 246 1912 volentes,
280 1831 429 1924 quoniam
461 1831 695 1924 occupationes
723 1829 892 1912 assiduae,
922 1829 1036 1922 quibus
1064 1830 1135 1923 plus
1164 1828 1261 1900 solito

76 1977 345 2048 praegravamur,
366 1980 428 2027 nos
447 1957 486 2028 ad
507 1957 652 2028 eamdem
667 1957 849 2028 Ecclesiam
864 1955 1025 2027 accedere
1044 1956 1263 2049 personaliter

78 2103 146 2151 non
160 2081 362 2174 permittunt,
378 2081 440 2152 etsi
453 2081 668 2153 audiverimus
678 2082 753 2154 illuc
765 2084 903 2154 dilectos
917 2083 1012 2166 filios,
1027 2081 1263 2178 S[ofredom],

76 2207 162 2278 tituli
183 2215 317 2279 sauctae
338 2209 503 2292 Praxedis,
524 2217 558 2280 et
576 2209 764 2302 P[etrom]‚
785 2210 867 2281 tituli
887 2211 991 2281 sancti
1006 2208 1150 2280 Marcelli
1168 2233 1264 2302 pres-

77 2335 214 2428 byteros
233 2335 426 2418 cardinales,
446 2336 649 2429 apostolicae
669 2335 767 2408 Sedis
786 2335 945 2429 Legatos,
970 2337 1010 2408 de
1030 2335 1264 2430 Hierosolymi-

76 2463 164 2534 tanis
183 2464 329 2558 partibus
348 2464 548 2545 accessisse;
575 2463 647 2559 quia
666 2470 774 2534 tannen
793 2487 892 2557 super
910 2465 974 2536 hoc
994 2465 1178 2536 mandatum
1197 2485 1263 2535 nou

77 2589 260 2660 habuerant
274 2590 427 2684 speciale,
448 2590 601 2661 dilectum
616 2589 726 2674 filium,
748 2590 1018 2683 B[cnedictum],
1033 2591 1114 2662 tituli
1130 2597 1265 2662 sanctae

77 2717 248 2788 Susannae
267 2717 494 2810 presbyterum
514 2717 728 2800 cardinalem,
756 2718 955 2812 apostolicae
975 2717 1071 2789 Sedis
1090 2718 1264 2811 Legatum,

77 2843 181 2912 virum
201 2844 312 2937 utique
330 2843 500 2937 providum
521 2851 554 2915 et
573 2843 763 2928 discretum,
782 2844 946 2915 literatum
965 2843 1090 2938 pariter
1110 2853 1143 2914 et
1163 2845 1285 2914 hone·'

77 2949 184 3052 stum,
212 2992 307 3062 quern
335 2971 420 3040 inter
444 2977 576 3041 ceteros
601 2972 720 3042 iratres
747 2978 881 3042 nostros
905 2973 1104 3043 sinceritatis
1123 2970 1265 3042 brachiis

79 3095 311 3190 amplexamur,
339 3097 511 3191 adportes
530 3099 617 3192 ipsas
638 3121 656 3168 a
675 3100 778 3170 latere
798 3107 913 3171 nostro
933 3101 1079 3171 duximus
1098 3099 1266 3171 destinan-

78 3223 174 3306 dum,
193 3231 230 3294 ut
245 3223 338 3315 juxta
356 3225 490 3295 verbum
510 3225 735 3320 propheticum
755 3227 922 3300 efficacius
941 3234 975 3298 et
993 3228 1128 3300 ualidius
1148 3227 1266 3298 evellat

76 3358 111 3420 et
138 3350 304 3435 destruat,
334 3351 485 3422 aedificet
513 3359 547 3423 et
571 3353 714 3446 plantet,
744 3361 844 3448 prout
869 3355 1032 3448 quaelihet
1058 3378 1119 3426 suo
1149 3355 1265 3426 viderit

79 3477 191 3548 officio
210 3451 371 3572 indigere.

167 3603 236 3674 Nos
251 3612 359 3676 autem
375 3607 581 3691 sententiam,
597 3630 692 3702 quam
708 3610 864 3680 canonice
879 3609 1051 3701 protulerit
1064 3611 1095 3679 in
1111 3608 1263 3692 rebelles,

76 3737 181 3802 ratam
204 3729 318 3803 haberi
344 3733 509 3816 volumus,
539 3740 573 3804 et
598 3735 814 3828 praecipimus
839 3735 1066 3806 inuiolabiliter
1085 3735 1263 3807 obseruari.

77 3857 242 3945 Quocirca
254 3859 453 3952 imperialem
467 3860 738 3955 magnificentiam
748 3885 904 3956 rogamus
914 3863 1082 3944 attentius,
1097 3886 1265 3935 monemus

76 3990 112 4054 et
132 3983 342 4056 exhortamur
360 3986 392 4057 in
411 3986 570 4070 Domino,
598 3994 758 4081 quatenns
781 3989 885 4080 ipsum
911 3996 1064 4082 tanquam
1090 4013 1265 4083 personam

76 4117 225 4182 nostram
244 4111 385 4206 benigne
404 4113 566 4206 recipiens
581 4120 615 4185 et
634 4115 811 4196 honorans,
832 4116 862 4186 in
882 4115 976 4208 cujus
996 4137 1138 4208 persona
1157 4117 1265 4188 hono·

76 4237 141 4308 rari
169 4245 357 4332 reputamus
386 4263 447 4310 nos
475 4241 584 4334 ipsos,
613 4241 735 4324 eidem,
771 4242 822 4313 cui
849 4241 995 4313 dedimus
1024 4242 1210 4335 specialiter
1233 4245 1264 4314 in

8 4465 12 4472 ἢ
82 4365 253 4448 mandatis,
279 4372 316 4436 ut
334 4367 375 4438 ad
393 4367 553 4438 honorem
573 4373 607 4439 et
627 4369 811 4462 proiectum
831 4377 921 4440 tuum
940 4369 1115 4464 diligenter
1133 4376 1167 4441 et
1184 4395 1266 4464 pru·

77 4494 195 4563 denter
223 4491 386 4577 intendat,
416 4501 504 4564 tuum
528 4495 689 4590 praebeas
717 4496 865 4568 auxilium
894 4503 928 4568 et
952 4497 1116 4582 fauorem,
1147 4505 1183 4568 ut
1205 4522 1266 4592 per

77 4619 179 4713 ipsius
204 4619 413 4705 industriam,
438 4629 471 4692 te
497 4623 644 4708 invente,
669 4630 756 4696 statu
780 4623 864 4695 illins
882 4625 1052 4696 Ecclesiae
1072 4625 1264 4711 reformato,
