3130 5078
262 311 336 382 540
551 322 646 376 iunco.
660 321 692 375 lll
704 336 795 374 sarar.
809 335 845 374 nn
858 317 986 374 Tannum
1000 320 1086 372 Pura.
1100 319 1145 373 Cr.

347 491 579 583 Praerogativa
598 491 783 561 dilectionis
803 497 837 558 et
856 490 995 581 gratiae,
1022 511 1116 580 quam
1135 489 1314 581 apostolica
1333 490 1437 558 Sedes

259 619 399 692 exhihuit
420 618 585 688 Ecclesiae
606 619 803 700 Bizantinae,
824 639 895 686 oum
915 639 986 684 earn
1006 617 1036 684 in
1055 617 1305 708 patriarchalem
1320 617 1438 688 Sedent

258 747 361 816 erexit
374 743 615 815 ecclesiasticae
631 743 828 834 plenitudine
843 743 1029 835 potestatis,
1049 765 1143 833 quam
1165 765 1230 812 uon
1250 742 1360 823 homo,
1381 741 1439 810 sed

258 871 359 952 Deus,
375 872 470 939 immo
481 871 589 938 verius
600 868 860 949 Deus-homo‚in
874 867 971 937 heato
985 866 1083 936 Petro
1096 866 1264 938 Ecclesiae
1275 867 1442 936 Romanae

256 999 439 1078 concessit,
460 997 630 1066 euidenter
649 1001 835 1077 attestatur,
857 1002 891 1064 et
910 993 996 1087 quod
1016 993 1181 1064 Romanus
1200 995 1349 1064 Pontifex
1369 995 1439 1064 eius

256 1125 392 1194 vicarius
412 1123 469 1207 sit,
495 1123 657 1205 ostendit,
687 1123 738 1215 qui
759 1130 792 1192 et
810 1122 932 1214 primos
953 1121 1164 1205 nouissimos,
1191 1129 1225 1190 et
1243 1121 1440 1191 nouissimos

256 1251 334 1320 lacit
360 1251 491 1342 primos.
520 1250 607 1320 Sane
627 1272 699 1318 curm
724 1249 837 1319 eadem
856 1249 1017 1346 Ecclesia,
1042 1271 1125 1340 quae
1145 1256 1224 1318 tunc
1243 1249 1436 1328 Bizanzena,

257 1401 341 1446 nunc
362 1375 718 1468 Constantinopolitano
739 1383 885 1458 vocatur,
906 1399 967 1445 uec
987 1397 1116 1455 nomen,
1144 1397 1206 1446 nec
1225 1375 1333 1446 locum
1353 1375 1439 1444 iuter

256 1503 359 1575 Sedes
380 1503 575 1595 apostolicas
599 1501 833 1595 patriarchales
857 1501 1011 1583 haberet,
1038 1501 1215 1594 apostolica
1234 1501 1340 1570 Sedes
1358 1501 1438 1571 iecit

258 1631 287 1699 ei
308 1645 423 1698 nomen
444 1629 570 1722 grande
585 1629 678 1720 juxta
699 1651 815 1700 nomen
835 1651 1044 1721 magnorum,
1065 1629 1119 1722 qui
1138 1635 1213 1697 sunt
1231 1629 1264 1698 in
1282 1637 1383 1708 terra,
1404 1635 1438 1696 et

257 1755 357 1845 ipsam
385 1755 475 1847 quasi
502 1754 542 1824 dc
568 1753 702 1847 puluere
729 1755 915 1824 suscitatam
942 1777 1045 1846 usque
1071 1754 1153 1824 adeo
1174 1754 1375 1834 sublimauit,
1401 1761 1439 1821 ut

257 1901 327 1950 eam
346 1888 410 1949 tam
424 1879 597 1950 Ecclesiae
618 1861 864 1962 Alexandrinae,
884 1903 977 1972 quaro
994 1879 1206 1950 Antiochinae
1227 1889 1260 1950 et
1279 1881 1438 1950 llieroso-

257 2007 425 2099 lymitanae
453 2007 618 2099 dignitatis
646 2007 817 2100 priuilegio
844 2007 1041 2088 anteferret,
1069 2013 1165 2098 atque
1193 2013 1268 2097 post
1294 2029 1331 2076 sc
1358 2029 1436 2098 prae

257 2135 376 2204 ceteris
391 2133 558 2215 exaltaret,
578 2135 635 2216 ita,
655 2133 754 2225 quod,
775 2155 847 2204 cum
868 2131 986 2203 multae
1005 2132 1088 2203 tiliae
1103 2132 1231 2202 diuitias
1247 2155 1437 2225 cougrega-

143 2314 146 2328 .
259 2261 381 2340 uerint,
415 2259 497 2330 haec
525 2261 595 2330 sola
623 2284 682 2353 per
709 2260 820 2330 matris
850 2263 988 2352 gratiam
1016 2260 1189 2352 specialem
1218 2283 1436 2353 supergressa

257 2389 356 2457 luerit
387 2389 568 2458 uniuersas.
609 2388 703 2457 hicet
735 2393 842 2458 autem
876 2389 988 2457 eadem
1022 2387 1170 2457 Ecclesia
1201 2388 1362 2458 interdum
1395 2387 1436 2460 ah

258 2514 443 2584 obedientia
462 2514 557 2585 Scdis
577 2515 777 2606 apostolicae
798 2513 980 2596 declinavit,
1009 2514 1081 2607 quia
1101 2522 1207 2584 tamen
1228 2513 1358 2584 adeam
1379 2536 1439 2606 per

257 2641 315 2711 [lei
330 2643 466 2735 gratiam
486 2641 647 2712 humiliter
661 2649 713 2711 cst
726 2664 870 2723 reuersa,
891 2642 953 2711 tuis
968 2642 1122 2734 precibus
1138 2647 1330 2722 annuentes,
1346 2663 1437 2712 eam-

256 2767 327 2836 dem
348 2767 545 2848 Ecclesiam,
567 2768 617 2838 cui
637 2768 708 2837 Deo
734 2773 870 2838 auctore
895 2767 1024 2837 domino
1044 2789 1197 2859 praeesse
1217 2767 1435 2859 dignosceris,

253 2892 313 2962 sub
333 2891 418 2962 beati
438 2893 526 2962 Petri
548 2901 581 2962 et
600 2900 712 2963 nostra
732 2893 939 2986 protectione
960 2894 1171 2986 suscipimus,
1198 2899 1231 2962 ct
1251 2892 1436 2986 praesentis

256 3018 367 3110 scripti
388 3021 506 3112 pagina
525 3021 769 3090 communimus.

344 3146 519 3217 Praeterea
529 3169 738 3242 quascunque
749 3150 990 3240 possessiones,
998 3169 1210 3240 quaecunque
1225 3145 1310 3216 hona
1321 3146 1438 3216 cadem

254 3271 403 3344 Ecclesia
418 3275 716 3366 impraesentiarum
726 3273 815 3366 juste
829 3283 862 3344 et
878 3273 1034 3344 canonico
1050 3273 1207 3364 possidet,
1227 3279 1284 3342 aui
1298 3274 1331 3342 in
1345 3273 1439 3344 iutu-

257 3423 346 3482 rum,
383 3401 598 3471 concessione
628 3401 821 3492 pontificum
862 3408 896 3470 et
929 3399 1224 3470 ecclesiasticarum
1252 3423 1310 3470 seu
1340 3401 1439 3469 etiam

256 3527 448 3598 secularium
483 3551 712 3620 personarum,
740 3528 971 3621 cuiuscumque
1000 3527 1196 3598 conditionis
1228 3535 1284 3596 aut
1317 3535 1437 3608 slatus,

257 3656 381 3747 poterit
399 3654 551 3746 adipisci,
579 3655 670 3726 firma
687 3655 746 3725 tihi
766 3665 799 3725 et
816 3655 880 3726 tuis
900 3654 1148 3726 successorihus
1167 3653 1287 3723 illibata
1306 3677 1439 3746 perma-

256 3789 365 3851 neant.
401 3781 586 3850 Libertates
605 3805 734 3875 quoque
755 3789 788 3852 et
806 3783 1021 3852 immunitates
1042 3781 1185 3851 ciusdem
1207 3779 1377 3851 Ecclesiae
1396 3805 1435 3851 ac

258 3908 510 3978 consuetudines
535 3909 744 3979 rationabiles
770 3917 804 3978 et
827 3910 992 4004 antiquas,
1019 3933 1102 4004 quae
1120 3907 1322 4002 apostolicae
1341 3907 1439 3977 Sedis

257 4059 321 4104 non
342 4034 473 4104 obviant
492 4036 665 4118 institutis,
689 4044 778 4105 ratas
797 4035 970 4120 hahemus,
991 4043 1025 4106 et
1043 4060 1098 4105 eas
1117 4035 1285 4127 perpetuis
1303 4038 1438 4127 tempo-

257 4161 346 4230 rihus
374 4161 509 4231 illibatas
538 4185 731 4254 permanere
760 4165 931 4233 sancimus.
973 4161 1103 4232 Pallium
1131 4184 1276 4254 quoqure,
1310 4163 1441 4253 insigne

258 4287 411 4358 uidelicet
442 4287 647 4380 plenitudinis
684 4289 876 4381 pontificalis
910 4289 1028 4371 oflicii,
1061 4289 1253 4358 fraternitati
1286 4296 1364 4366 tuac
1396 4288 1439 4356 de

257 4413 456 4506 apostolicae
476 4415 572 4485 Sedis
591 4415 784 4486 liberalitate
803 4417 969 4510 largimur,
990 4440 1053 4507 quo
1065 4417 1155 4485 intra
1177 4414 1342 4486 Ecclesias
1361 4423 1440 4484 tuae

253 4539 471 4630 jurisdictioni
506 4541 673 4634 subjectas
715 4544 744 4612 iu
774 4543 938 4613 solemniis
971 4545 1136 4613 missarum
1174 4543 1292 4624 utaris,
1322 4541 1440 4612 diebus
