<?xml version="1.0" encoding="UTF-8"?>
<!DOCTYPE html PUBLIC "-//W3C//DTD XHTML 1.0 Transitional//EN"
    "http://www.w3.org/TR/xhtml1/DTD/xhtml1-transitional.dtd">
<html xmlns="http://www.w3.org/1999/xhtml" xml:lang="en" lang="en">
 <head>
  <title>
</title>
<meta http-equiv="Content-Type" content="text/html;charset=utf-8" />
  <meta name='ocr-system' content='tesseract 3.04.00' />
  <meta name='ocr-capabilities' content='ocr_page ocr_carea ocr_par ocr_line ocrx_word'/>
</head>
<body>
  <div class='ocr_page' id='page_1' title='image "./fontesrerumaust07kommgoog_0477.png"; bbox 0 0 3110 5080; ppageno 0'>
   <div class='ocr_carea' id='block_1_1' title="bbox 284 386 1056 460">
    <p class='ocr_par' dir='ltr' id='par_1_1' title="bbox 284 386 1056 460">
     <span class='ocr_line' id='line_1_1' title="bbox 284 386 1056 460; baseline -0.013 -2"><span class='ocrx_word' id='word_1_1' title='bbox 284 386 363 460; x_wconf 71' lang='grc'><strong>454</strong></span> <span class='ocrx_word' id='word_1_2' title='bbox 687 395 823 450; x_wconf 65' lang='lat' dir='ltr'><strong>Flauium</strong></span> <span class='ocrx_word' id='word_1_3' title='bbox 836 393 1056 448; x_wconf 76' lang='grc' dir='ltr'><strong>ιποκιίίιικιοι.</strong></span> 
     </span>
    </p>
   </div>
   <div class='ocr_carea' id='block_1_2' title="bbox 283 555 1481 4687">
    <p class='ocr_par' dir='ltr' id='par_1_2' title="bbox 283 555 1481 4687">
     <span class='ocr_line' id='line_1_2' title="bbox 283 555 1463 650; baseline -0.003 -22"><span class='ocrx_word' id='word_1_4' title='bbox 283 571 333 628; x_wconf 86' lang='grc' dir='ltr'><strong>καί</strong></span> <span class='ocrx_word' id='word_1_5' title='bbox 357 567 437 650; x_wconf 90' lang='grc' dir='ltr'><strong>όρια.</strong></span> <span class='ocrx_word' id='word_1_6' title='bbox 469 565 554 634; x_wconf 84' lang='grc' dir='ltr'><strong>Τινές</strong></span> <span class='ocrx_word' id='word_1_7' title='bbox 577 560 625 632; x_wconf 88' lang='grc' dir='ltr'><strong>δέ,</strong></span> <span class='ocrx_word' id='word_1_8' title='bbox 647 567 696 624; x_wconf 80' lang='grc' dir='ltr'><strong>καί</strong></span> <span class='ocrx_word' id='word_1_9' title='bbox 716 559 802 643; x_wconf 89' lang='grc' dir='ltr'><strong>μάλα</strong></span> <span class='ocrx_word' id='word_1_10' title='bbox 825 555 931 636; x_wconf 78' lang='grc' dir='ltr'><strong>δόξαν,</strong></span> <span class='ocrx_word' id='word_1_11' title='bbox 957 563 1105 624; x_wconf 78' lang='grc' dir='ltr'><em>ἀσπάσιον</em></span> <span class='ocrx_word' id='word_1_12' title='bbox 1130 566 1163 624; x_wconf 90' lang='grc' dir='ltr'><strong>τό</strong></span> <span class='ocrx_word' id='word_1_13' title='bbox 1182 562 1301 626; x_wconf 78' lang='grc' dir='ltr'><strong>Ἰκόνιον</strong></span> <span class='ocrx_word' id='word_1_14' title='bbox 1325 565 1369 634; x_wconf 83' lang='grc' dir='ltr'><strong>τίς</strong></span> <span class='ocrx_word' id='word_1_15' title='bbox 1390 563 1463 634; x_wconf 82' lang='grc' dir='ltr'><strong>κλῆ-</strong></span> 
     </span>
     <span class='ocr_line' id='line_1_3' title="bbox 284 668 1464 762; baseline -0.003 -24"><span class='ocrx_word' id='word_1_16' title='bbox 284 697 336 762; x_wconf 92' lang='grc' dir='ltr'><strong>ρον</strong></span> <span class='ocrx_word' id='word_1_17' title='bbox 357 674 508 762; x_wconf 76' lang='grc' dir='ltr'>εἰληφέναι</span> <span class='ocrx_word' id='word_1_18' title='bbox 528 673 728 757; x_wconf 72' lang='grc' dir='ltr'><strong>ἠγωνίσαντο.</strong></span> <span class='ocrx_word' id='word_1_19' title='bbox 754 671 785 732; x_wconf 89' lang='lat' dir='ltr'><strong>lu</strong></span> <span class='ocrx_word' id='word_1_20' title='bbox 810 669 872 741; x_wconf 86' lang='lat' dir='ltr'><strong>his,</strong></span> <span class='ocrx_word' id='word_1_21' title='bbox 894 689 960 753; x_wconf 69' lang='lat' dir='ltr'><strong>que</strong></span> <span class='ocrx_word' id='word_1_22' title='bbox 982 668 1139 734; x_wconf 83' lang='lat' dir='ltr'><strong>Nieetae</strong></span> <span class='ocrx_word' id='word_1_23' title='bbox 1162 673 1405 735; x_wconf 80' lang='lat' dir='ltr'><strong>Aaomiualue</strong></span> <span class='ocrx_word' id='word_1_24' title='bbox 1425 672 1464 736; x_wconf 80' lang='lat' dir='ltr'><strong>ale</strong></span> 
     </span>
     <span class='ocr_line' id='line_1_4' title="bbox 283 779 1464 869; baseline -0.003 -20"><span class='ocrx_word' id='word_1_25' title='bbox 283 788 432 869; x_wconf 79' lang='lat' dir='ltr'><strong>Aegypte,</strong></span> <span class='ocrx_word' id='word_1_26' title='bbox 457 782 560 867; x_wconf 67' lang='lat' dir='ltr'><strong>laibya,</strong></span> <span class='ocrx_word' id='word_1_27' title='bbox 582 780 712 852; x_wconf 81' lang='lat' dir='ltr'><strong>Parilia,</strong></span> <span class='ocrx_word' id='word_1_28' title='bbox 735 779 843 851; x_wconf 82' lang='lat' dir='ltr'><strong>Iberia,</strong></span> <span class='ocrx_word' id='word_1_29' title='bbox 860 781 991 862; x_wconf 77' lang='lat' dir='ltr'><strong>Assyria,</strong></span> <span class='ocrx_word' id='word_1_30' title='bbox 1013 779 1128 864; x_wconf 83' lang='lat' dir='ltr'><strong>reliquo</strong></span> <span class='ocrx_word' id='word_1_31' title='bbox 1145 779 1267 844; x_wconf 82' lang='lat' dir='ltr'><strong>Orieule</strong></span> <span class='ocrx_word' id='word_1_32' title='bbox 1284 787 1315 846; x_wconf 81' lang='lat' dir='ltr'><strong>el</strong></span> <span class='ocrx_word' id='word_1_33' title='bbox 1330 779 1464 867; x_wconf 81' lang='lat' dir='ltr'><strong>Septen·</strong></span> 
     </span>
     <span class='ocr_line' id='line_1_5' title="bbox 283 887 1463 973; baseline -0.003 -15"><span class='ocrx_word' id='word_1_34' title='bbox 283 893 382 958; x_wconf 79' lang='lat' dir='ltr'><strong>trione</strong></span> <span class='ocrx_word' id='word_1_35' title='bbox 402 891 510 964; x_wconf 82' lang='lat' dir='ltr'><strong>habet,</strong></span> <span class='ocrx_word' id='word_1_36' title='bbox 535 891 572 956; x_wconf 84' lang='lat' dir='ltr'><strong>ad</strong></span> <span class='ocrx_word' id='word_1_37' title='bbox 598 909 708 953; x_wconf 82' lang='lat' dir='ltr'><strong>meram</strong></span> <span class='ocrx_word' id='word_1_38' title='bbox 732 887 914 952; x_wconf 73' lang='lat' dir='ltr'>Francorum</span> <span class='ocrx_word' id='word_1_39' title='bbox 935 887 1151 953; x_wconf 74' lang='lat' dir='ltr'><strong>cavillationem</strong></span> <span class='ocrx_word' id='word_1_40' title='bbox 1175 888 1253 954; x_wconf 81' lang='lat' dir='ltr'><strong>dieta</strong></span> <span class='ocrx_word' id='word_1_41' title='bbox 1277 911 1346 954; x_wconf 82' lang='lat' dir='ltr'><strong>ease</strong></span> <span class='ocrx_word' id='word_1_42' title='bbox 1369 898 1463 973; x_wconf 77' lang='lat' dir='ltr'><strong>patet,</strong></span> 
     </span>
     <span class='ocr_line' id='line_1_6' title="bbox 283 994 1465 1081; baseline -0.005 -15"><span class='ocrx_word' id='word_1_43' title='bbox 283 1001 354 1066; x_wconf 83' lang='lat' dir='ltr'><strong>talia</strong></span> <span class='ocrx_word' id='word_1_44' title='bbox 376 999 493 1064; x_wconf 79' lang='lat' dir='ltr'><strong>scilieet</strong></span> <span class='ocrx_word' id='word_1_45' title='bbox 514 997 737 1068; x_wconf 73' lang='lat' dir='ltr'><strong>somniantium,</strong></span> <span class='ocrx_word' id='word_1_46' title='bbox 766 1015 824 1074; x_wconf 80' lang='lat' dir='ltr'><strong>uon</strong></span> <span class='ocrx_word' id='word_1_47' title='bbox 846 994 1071 1079; x_wconf 77' lang='lat' dir='ltr'><strong>perficientium.</strong></span> <span class='ocrx_word' id='word_1_48' title='bbox 1101 995 1235 1078; x_wconf 81' lang='lat' dir='ltr'>Regnum</span> <span class='ocrx_word' id='word_1_49' title='bbox 1257 996 1465 1081; x_wconf 73' lang='lat' dir='ltr'><strong>Byzantium,</strong></span> 
     </span>
     <span class='ocr_line' id='line_1_7' title="bbox 286 1087 1465 1193; baseline -0.004 -18"><span class='ocrx_word' id='word_1_50' title='bbox 286 1115 370 1175; x_wconf 80' lang='lat' dir='ltr'><strong>aeria</strong></span> <span class='ocrx_word' id='word_1_51' title='bbox 398 1113 511 1193; x_wconf 83' lang='lat' dir='ltr'><strong>partem</strong></span> <span class='ocrx_word' id='word_1_52' title='bbox 540 1105 689 1192; x_wconf 82' lang='lat' dir='ltr'><strong>quandam</strong></span> <span class='ocrx_word' id='word_1_53' title='bbox 717 1104 782 1186; x_wconf 77' lang='lat' dir='ltr'><strong>ejus</strong></span> <span class='ocrx_word' id='word_1_54' title='bbox 804 1104 997 1188; x_wconf 67' lang='lat' dir='ltr'><strong>Europum.</strong></span> <span class='ocrx_word' id='word_1_55' title='bbox 1019 1124 1086 1167; x_wconf 83' lang='lat' dir='ltr'><strong>eum</strong></span> <span class='ocrx_word' id='word_1_56' title='bbox 1108 1105 1264 1188; x_wconf 78' lang='lat' dir='ltr'><strong>particulis</strong></span> <span class='ocrx_word' id='word_1_57' title='bbox 1288 1087 1465 1190; x_wconf 71' lang='lat' dir='ltr'><strong>quibusdam</strong></span> 
     </span>
     <span class='ocr_line' id='line_1_8' title="bbox 285 1211 1466 1310; baseline -0.003 -28"><span class='ocrx_word' id='word_1_58' title='bbox 285 1218 364 1282; x_wconf 76' lang='lat' dir='ltr'><strong>Asiae</strong></span> <span class='ocrx_word' id='word_1_59' title='bbox 380 1216 514 1288; x_wconf 82' lang='lat' dir='ltr'><strong>mineris,</strong></span> <span class='ocrx_word' id='word_1_60' title='bbox 532 1217 651 1310; x_wconf 80' lang='lat' dir='ltr'><strong>cepisse</strong></span> <span class='ocrx_word' id='word_1_61' title='bbox 666 1218 714 1278; x_wconf 81' lang='lat' dir='ltr'><strong>eat</strong></span> <span class='ocrx_word' id='word_1_62' title='bbox 729 1211 889 1285; x_wconf 76' lang='lat' dir='ltr'><strong>habebant,</strong></span> <span class='ocrx_word' id='word_1_63' title='bbox 906 1212 943 1274; x_wconf 80' lang='lat' dir='ltr'><strong>tle</strong></span> <span class='ocrx_word' id='word_1_64' title='bbox 956 1212 1025 1276; x_wconf 77' lang='lat' dir='ltr'><strong>laia</strong></span> <span class='ocrx_word' id='word_1_65' title='bbox 1038 1211 1189 1285; x_wconf 73' lang='lat' dir='ltr'><strong>ulteriore.</strong></span> <span class='ocrx_word' id='word_1_66' title='bbox 1205 1213 1316 1286; x_wconf 75' lang='lat' dir='ltr'><strong>Africa,</strong></span> <span class='ocrx_word' id='word_1_67' title='bbox 1334 1215 1466 1298; x_wconf 82' lang='lat' dir='ltr'><strong>Septen·</strong></span> 
     </span>
     <span class='ocr_line' id='line_1_9' title="bbox 285 1321 1467 1406; baseline -0.003 -14"><span class='ocrx_word' id='word_1_68' title='bbox 285 1328 382 1392; x_wconf 78' lang='lat' dir='ltr'><strong>trione</strong></span> <span class='ocrx_word' id='word_1_69' title='bbox 410 1328 457 1390; x_wconf 80' lang='lat' dir='ltr'><strong>vix</strong></span> <span class='ocrx_word' id='word_1_70' title='bbox 483 1345 587 1388; x_wconf 81' lang='lat' dir='ltr'><strong>revera</strong></span> <span class='ocrx_word' id='word_1_71' title='bbox 613 1325 793 1406; x_wconf 78' lang='lat' dir='ltr'><strong>cogitantes.</strong></span> <span class='ocrx_word' id='word_1_72' title='bbox 821 1359 865 1370; x_wconf 92' lang='lat'>-</span> <span class='ocrx_word' id='word_1_73' title='bbox 896 1321 958 1386; x_wconf 82' lang='lat' dir='ltr'><strong>Sed</strong></span> <span class='ocrx_word' id='word_1_74' title='bbox 986 1321 1163 1388; x_wconf 81' lang='lat' dir='ltr'><strong>veniendum</strong></span> <span class='ocrx_word' id='word_1_75' title='bbox 1193 1323 1230 1386; x_wconf 86' lang='lat' dir='ltr'><strong>ad</strong></span> <span class='ocrx_word' id='word_1_76' title='bbox 1259 1322 1467 1405; x_wconf 83' lang='lat' dir='ltr'><strong>Georgium</strong></span> 
     </span>
     <span class='ocr_line' id='line_1_10' title="bbox 286 1429 1467 1519; baseline -0.001 -19"><span class='ocrx_word' id='word_1_77' title='bbox 286 1436 566 1519; x_wconf 78' lang='grc' dir='ltr'><strong>λοτοροίίίαιιι,</strong></span> <span class='ocrx_word' id='word_1_78' title='bbox 589 1434 640 1518; x_wconf 84' lang='lat' dir='ltr'><strong>qui</strong></span> <span class='ocrx_word' id='word_1_79' title='bbox 659 1431 717 1496; x_wconf 76' lang='lat' dir='ltr'><strong>lue</strong></span> <span class='ocrx_word' id='word_1_80' title='bbox 733 1431 869 1514; x_wconf 82' lang='lat' dir='ltr'><strong>ejusdam</strong></span> <span class='ocrx_word' id='word_1_81' title='bbox 885 1429 980 1496; x_wconf 84' lang='lat' dir='ltr'><strong>seeuli</strong></span> <span class='ocrx_word' id='word_1_82' title='bbox 998 1430 1075 1503; x_wconf 81' lang='lat' dir='ltr'><strong>Xlll,</strong></span> <span class='ocrx_word' id='word_1_83' title='bbox 1098 1430 1185 1512; x_wconf 72' lang='lat' dir='ltr'><strong>eujus</strong></span> <span class='ocrx_word' id='word_1_84' title='bbox 1200 1432 1284 1496; x_wconf 87' lang='lat' dir='ltr'><strong>iuilie</strong></span> <span class='ocrx_word' id='word_1_85' title='bbox 1309 1433 1467 1499; x_wconf 83' lang='lat' dir='ltr'><strong>Nieelae</strong></span> 
     </span>
     <span class='ocr_line' id='line_1_11' title="bbox 287 1541 1467 1627; baseline -0.001 -17"><span class='ocrx_word' id='word_1_86' title='bbox 287 1545 550 1616; x_wconf 69' lang='lat' dir='ltr'><strong>leomianus,</strong></span> <span class='ocrx_word' id='word_1_87' title='bbox 575 1541 697 1608; x_wconf 75' lang='lat' dir='ltr'><strong>annales</strong></span> <span class='ocrx_word' id='word_1_88' title='bbox 720 1562 791 1606; x_wconf 81' lang='lat' dir='ltr'><strong>aues</strong></span> <span class='ocrx_word' id='word_1_89' title='bbox 814 1541 990 1626; x_wconf 79' lang='lat' dir='ltr'><strong>aumpesuil.</strong></span> <span class='ocrx_word' id='word_1_90' title='bbox 1020 1542 1049 1606; x_wconf 88' lang='lat' dir='ltr'><strong>le</strong></span> <span class='ocrx_word' id='word_1_91' title='bbox 1071 1541 1166 1622; x_wconf 80' lang='lat' dir='ltr'><strong>igilur</strong></span> <span class='ocrx_word' id='word_1_92' title='bbox 1188 1542 1337 1608; x_wconf 84' lang='lat' dir='ltr'><strong>annalium</strong></span> <span class='ocrx_word' id='word_1_93' title='bbox 1360 1565 1427 1627; x_wconf 69' lang='grc' dir='ltr'><strong>ουρ.</strong></span> <span class='ocrx_word' id='word_1_94' title='bbox 1446 1543 1467 1608; x_wconf 90' lang='grc'>8</span> 
     </span>
     <span class='ocr_line' id='line_1_12' title="bbox 289 1651 1471 1742; baseline -0.002 -24"><span class='ocrx_word' id='word_1_95' title='bbox 289 1654 355 1742; x_wconf 85' lang='lat' dir='ltr'><strong>(ed.</strong></span> <span class='ocrx_word' id='word_1_96' title='bbox 369 1654 462 1718; x_wconf 84' lang='lat' dir='ltr'><strong>Baua.</strong></span> <span class='ocrx_word' id='word_1_97' title='bbox 476 1675 504 1737; x_wconf 87' lang='lat' dir='ltr'><strong>p.</strong></span> <span class='ocrx_word' id='word_1_98' title='bbox 521 1651 598 1739; x_wconf 74' lang='lat'>15):</span> <span class='ocrx_word' id='word_1_99' title='bbox 614 1655 683 1718; x_wconf 80' lang='grc' dir='ltr'><strong>Τῶν</strong></span> <span class='ocrx_word' id='word_1_100' title='bbox 701 1661 773 1738; x_wconf 84' lang='grc' dir='ltr'><strong>γοῦν</strong></span> <span class='ocrx_word' id='word_1_101' title='bbox 789 1651 915 1716; x_wconf 80' lang='grc' dir='ltr'><strong>Ἰταλῶν</strong></span> <span class='ocrx_word' id='word_1_102' title='bbox 932 1653 975 1723; x_wconf 87' lang='grc' dir='ltr'><strong>είς</strong></span> <span class='ocrx_word' id='word_1_103' title='bbox 988 1651 1185 1738; x_wconf 84' lang='grc' dir='ltr'><strong>πολυμέρειαν</strong></span> <span class='ocrx_word' id='word_1_104' title='bbox 1201 1658 1241 1715; x_wconf 86' lang='grc' dir='ltr'><strong>τὰ</strong></span> <span class='ocrx_word' id='word_1_105' title='bbox 1257 1665 1314 1726; x_wconf 81' lang='grc' dir='ltr'><strong>τῆς</strong></span> <span class='ocrx_word' id='word_1_106' title='bbox 1332 1652 1471 1736; x_wconf 80' lang='grc' dir='ltr'><strong>Ῥωμαί-</strong></span> 
     </span>
     <span class='ocr_line' id='line_1_13' title="bbox 290 1760 1470 1848; baseline -0.001 -24"><span class='ocrx_word' id='word_1_107' title='bbox 290 1761 344 1835; x_wconf 90' lang='grc' dir='ltr'><strong>δος</strong></span> <span class='ocrx_word' id='word_1_108' title='bbox 358 1761 610 1848; x_wconf 82' lang='grc' dir='ltr'><strong>κληρωσαμένων,</strong></span> <span class='ocrx_word' id='word_1_109' title='bbox 632 1767 750 1824; x_wconf 84' lang='grc' dir='ltr'><strong>καὶτοῦ</strong></span> <span class='ocrx_word' id='word_1_110' title='bbox 767 1765 820 1842; x_wconf 83' lang='grc' dir='ltr'><strong>μέν</strong></span> <span class='ocrx_word' id='word_1_111' title='bbox 838 1763 869 1821; x_wconf 87' lang='grc' dir='ltr'><strong>ἐκ</strong></span> <span class='ocrx_word' id='word_1_112' title='bbox 891 1760 1057 1846; x_wconf 81' lang='grc' dir='ltr'><strong>Φλάντρας</strong></span> <span class='ocrx_word' id='word_1_113' title='bbox 1082 1762 1263 1845; x_wconf 86' lang='grc' dir='ltr'><strong>ὡρμημένου</strong></span> <span class='ocrx_word' id='word_1_114' title='bbox 1284 1760 1470 1826; x_wconf 85' lang='grc' dir='ltr'><strong>Βοιλδουῑνου</strong></span> 
     </span>
     <span class='ocr_line' id='line_1_14' title="bbox 290 1868 1472 1958; baseline -0.003 -22"><span class='ocrx_word' id='word_1_115' title='bbox 290 1870 443 1958; x_wconf 85' lang='grc' dir='ltr'><strong>βασιλέως</strong></span> <span class='ocrx_word' id='word_1_116' title='bbox 462 1869 736 1956; x_wconf 66' lang='grc' dir='ltr'><strong>ἀναγορευθέντος,</strong></span> <span class='ocrx_word' id='word_1_117' title='bbox 763 1876 815 1933; x_wconf 80' lang='grc' dir='ltr'><strong>τοι)</strong></span> <span class='ocrx_word' id='word_1_118' title='bbox 832 1868 865 1933; x_wconf 82' lang='grc' dir='ltr'><strong>δέ</strong></span> <span class='ocrx_word' id='word_1_119' title='bbox 878 1868 983 1942; x_wconf 86' lang='grc' dir='ltr'><strong>δουκός</strong></span> <span class='ocrx_word' id='word_1_120' title='bbox 996 1871 1146 1946; x_wconf 86' lang='grc' dir='ltr'><strong>Βενετίας,</strong></span> <span class='ocrx_word' id='word_1_121' title='bbox 1162 1870 1197 1942; x_wconf 89' lang='grc' dir='ltr'><strong>ός</strong></span> <span class='ocrx_word' id='word_1_122' title='bbox 1209 1877 1259 1934; x_wconf 86' lang='grc' dir='ltr'><strong>καί</strong></span> <span class='ocrx_word' id='word_1_123' title='bbox 1271 1875 1472 1958; x_wconf 85' lang='grc' dir='ltr'><strong>αὐτοπροσώ·</strong></span> 
     </span>
     <span class='ocr_line' id='line_1_15' title="bbox 289 1975 1472 2064; baseline 0.001 -21"><span class='ocrx_word' id='word_1_124' title='bbox 289 2001 355 2054; x_wconf 90' lang='grc' dir='ltr'><strong>πως</strong></span> <span class='ocrx_word' id='word_1_125' title='bbox 379 1990 485 2050; x_wconf 83' lang='grc' dir='ltr'><strong>συνῆν,</strong></span> <span class='ocrx_word' id='word_1_126' title='bbox 513 1976 623 2064; x_wconf 84' lang='grc' dir='ltr'><strong>μερίδα</strong></span> <span class='ocrx_word' id='word_1_127' title='bbox 651 1981 684 2042; x_wconf 90' lang='grc' dir='ltr'><strong>ου’</strong></span> <span class='ocrx_word' id='word_1_128' title='bbox 714 1983 839 2062; x_wconf 91' lang='grc' dir='ltr'><strong>σμικρὰν</strong></span> <span class='ocrx_word' id='word_1_129' title='bbox 869 1978 1034 2062; x_wconf 72' lang='grc' dir='ltr'><strong>ἐσχηκότος</strong></span> <span class='ocrx_word' id='word_1_130' title='bbox 1055 1983 1105 2040; x_wconf 90' lang='grc' dir='ltr'><strong>καί</strong></span> <span class='ocrx_word' id='word_1_131' title='bbox 1127 1977 1290 2058; x_wconf 84' lang='grc' dir='ltr'><strong>δεσποτικῷ</strong></span> <span class='ocrx_word' id='word_1_132' title='bbox 1315 1975 1472 2063; x_wconf 84' lang='grc' dir='ltr'><strong>ἀξιώματι</strong></span> 
     </span>
     <span class='ocr_line' id='line_1_16' title="bbox 289 2082 1472 2174; baseline 0.002 -22"><span class='ocrx_word' id='word_1_133' title='bbox 289 2090 484 2173; x_wconf 69' lang='grc' dir='ltr'><strong>τιμηθέντος,</strong></span> <span class='ocrx_word' id='word_1_134' title='bbox 507 2090 611 2171; x_wconf 83' lang='grc' dir='ltr'><strong>ἐχειν</strong></span> <span class='ocrx_word' id='word_1_135' title='bbox 635 2109 672 2150; x_wconf 88' lang='grc' dir='ltr'><strong>τε</strong></span> <span class='ocrx_word' id='word_1_136' title='bbox 695 2082 738 2162; x_wconf 82' lang='grc' dir='ltr'><strong>ἐξ</strong></span> <span class='ocrx_word' id='word_1_137' title='bbox 759 2087 846 2151; x_wconf 84' lang='grc' dir='ltr'><strong>ὅλου</strong></span> <span class='ocrx_word' id='word_1_138' title='bbox 870 2090 964 2166; x_wconf 89' lang='grc' dir='ltr'><strong>πρός</strong></span> <span class='ocrx_word' id='word_1_139' title='bbox 986 2091 1025 2149; x_wconf 89' lang='grc' dir='ltr'><strong>τό</strong></span> <span class='ocrx_word' id='word_1_140' title='bbox 1049 2087 1149 2159; x_wconf 83' lang='grc' dir='ltr'><strong>ὅλον,</strong></span> <span class='ocrx_word' id='word_1_141' title='bbox 1174 2089 1251 2151; x_wconf 88' lang='grc' dir='ltr'><strong>ότό</strong></span> <span class='ocrx_word' id='word_1_142' title='bbox 1275 2091 1472 2174; x_wconf 83' lang='grc' dir='ltr'><strong>Φράγκων</strong></span> 
     </span>
     <span class='ocr_line' id='line_1_17' title="bbox 291 2199 1472 2282; baseline 0.001 -22"><span class='ocrx_word' id='word_1_143' title='bbox 291 2201 484 2268; x_wconf 82' lang='grc' dir='ltr'><strong>ἐκτήσατο</strong></span> <span class='ocrx_word' id='word_1_144' title='bbox 526 2201 656 2278; x_wconf 83' lang='grc' dir='ltr'><strong>γένος,</strong></span> <span class='ocrx_word' id='word_1_145' title='bbox 693 2199 733 2258; x_wconf 87' lang='grc' dir='ltr'><strong>τό</strong></span> <span class='ocrx_word' id='word_1_146' title='bbox 775 2200 961 2281; x_wconf 83' lang='grc' dir='ltr'><strong>τέταρτον</strong></span> <span class='ocrx_word' id='word_1_147' title='bbox 1004 2202 1068 2260; x_wconf 83' lang='grc' dir='ltr'><strong>καί</strong></span> <span class='ocrx_word' id='word_1_148' title='bbox 1103 2204 1171 2260; x_wconf 86' lang='grc' dir='ltr'><strong>τοῦ</strong></span> <span class='ocrx_word' id='word_1_149' title='bbox 1200 2201 1392 2282; x_wconf 84' lang='grc' dir='ltr'><strong>τετάρτου</strong></span> <span class='ocrx_word' id='word_1_150' title='bbox 1428 2205 1472 2262; x_wconf 84' lang='grc' dir='ltr'><strong>τό</strong></span> 
     </span>
     <span class='ocr_line' id='line_1_18' title="bbox 288 2301 1474 2392; baseline 0.001 -23"><span class='ocrx_word' id='word_1_151' title='bbox 288 2311 424 2390; x_wconf 77' lang='grc' dir='ltr'><strong>ἥμισυ,</strong></span> <span class='ocrx_word' id='word_1_152' title='bbox 454 2303 554 2375; x_wconf 81' lang='grc' dir='ltr'><strong>ἐπειδὴ</strong></span> <span class='ocrx_word' id='word_1_153' title='bbox 584 2311 634 2366; x_wconf 82' lang='grc' dir='ltr'><strong>καὶ</strong></span> <span class='ocrx_word' id='word_1_154' title='bbox 664 2307 679 2367; x_wconf 97' lang='grc' dir='ltr'><strong>ό</strong></span> <span class='ocrx_word' id='word_1_155' title='bbox 708 2309 871 2390; x_wconf 87' lang='grc' dir='ltr'><strong>μαρκίσιος</strong></span> <span class='ocrx_word' id='word_1_156' title='bbox 906 2301 1060 2389; x_wconf 80' lang='grc' dir='ltr'><strong>ἀξιόλογον</strong></span> <span class='ocrx_word' id='word_1_157' title='bbox 1097 2313 1206 2391; x_wconf 83' lang='grc' dir='ltr'><strong>μοῖραν</strong></span> <span class='ocrx_word' id='word_1_158' title='bbox 1238 2318 1275 2388; x_wconf 73' lang='grc' dir='ltr'><strong>τῇ</strong></span> <span class='ocrx_word' id='word_1_159' title='bbox 1305 2309 1474 2392; x_wconf 81' lang='grc' dir='ltr'><strong>συμμαχίᾳ</strong></span> 
     </span>
     <span class='ocr_line' id='line_1_19' title="bbox 290 2407 1475 2500; baseline 0.001 -22"><span class='ocrx_word' id='word_1_160' title='bbox 290 2416 326 2489; x_wconf 74' lang='grc' dir='ltr'><strong>ἦν</strong></span> <span class='ocrx_word' id='word_1_161' title='bbox 358 2418 569 2499; x_wconf 73' lang='grc' dir='ltr'><strong>ἐνεγκάμενος,</strong></span> <span class='ocrx_word' id='word_1_162' title='bbox 608 2407 666 2500; x_wconf 65' lang='lat' dir='ltr'><strong>filil</strong></span> <span class='ocrx_word' id='word_1_163' title='bbox 695 2413 914 2486; x_wconf 81' lang='grc' dir='ltr'><strong>Θεσσαλονίκης</strong></span> <span class='ocrx_word' id='word_1_164' title='bbox 944 2419 1030 2498; x_wconf 88' lang='grc' dir='ltr'><strong>παρά</strong></span> <span class='ocrx_word' id='word_1_165' title='bbox 1061 2422 1114 2476; x_wconf 84' lang='grc' dir='ltr'><strong>τοῦ</strong></span> <span class='ocrx_word' id='word_1_166' title='bbox 1146 2413 1293 2500; x_wconf 85' lang='grc' dir='ltr'><strong>Φλάντρα</strong></span> <span class='ocrx_word' id='word_1_167' title='bbox 1321 2423 1475 2498; x_wconf 87' lang='grc' dir='ltr'><strong>τιτίμητο,</strong></span> 
     </span>
     <span class='ocr_line' id='line_1_20' title="bbox 290 2519 1476 2610; baseline -0.002 -22"><span class='ocrx_word' id='word_1_168' title='bbox 290 2521 541 2610; x_wconf 81' lang='grc' dir='ltr'><strong>προσλαβόμενος</strong></span> <span class='ocrx_word' id='word_1_169' title='bbox 555 2530 604 2588; x_wconf 86' lang='grc' dir='ltr'><strong>καί</strong></span> <span class='ocrx_word' id='word_1_170' title='bbox 621 2531 751 2607; x_wconf 89' lang='grc' dir='ltr'><strong>γυναῖκα</strong></span> <span class='ocrx_word' id='word_1_171' title='bbox 766 2529 819 2594; x_wconf 78' lang='grc' dir='ltr'><strong>τὴν</strong></span> <span class='ocrx_word' id='word_1_172' title='bbox 831 2521 1031 2594; x_wconf 69' lang='grc' dir='ltr'><strong>’δηλωθτῖσοιυ</strong></span> <span class='ocrx_word' id='word_1_173' title='bbox 1044 2523 1166 2609; x_wconf 85' lang='grc' dir='ltr'><strong>Μαρίαν</strong></span> <span class='ocrx_word' id='word_1_174' title='bbox 1183 2529 1236 2595; x_wconf 77' lang='grc' dir='ltr'><strong>τὴν</strong></span> <span class='ocrx_word' id='word_1_175' title='bbox 1252 2519 1287 2598; x_wconf 83' lang='grc' dir='ltr'><strong>ἐξ</strong></span> <span class='ocrx_word' id='word_1_176' title='bbox 1301 2526 1476 2610; x_wconf 75' lang='grc' dir='ltr'><strong>Οδγγρίας,</strong></span> 
     </span>
     <span class='ocr_line' id='line_1_21' title="bbox 291 2629 1480 2718; baseline 0.001 -21"><span class='ocrx_word' id='word_1_177' title='bbox 291 2637 434 2718; x_wconf 91' lang='grc' dir='ltr'><strong>πρότερον</strong></span> <span class='ocrx_word' id='word_1_178' title='bbox 450 2635 720 2717; x_wconf 88' lang='grc' dir='ltr'><strong>προσηρμοσμένην</strong></span> <span class='ocrx_word' id='word_1_179' title='bbox 747 2631 891 2714; x_wconf 76' lang='grc' dir='ltr'><strong>Ἰσαακίῳ</strong></span> <span class='ocrx_word' id='word_1_180' title='bbox 913 2639 956 2710; x_wconf 82' lang='grc' dir='ltr'><strong>τῷ</strong></span> <span class='ocrx_word' id='word_1_181' title='bbox 974 2629 1102 2714; x_wconf 84' lang='grc' dir='ltr'><strong>βασιλεῖ.</strong></span> <span class='ocrx_word' id='word_1_182' title='bbox 1122 2666 1162 2678; x_wconf 93' lang='grc'>-</span> <span class='ocrx_word' id='word_1_183' title='bbox 1186 2630 1480 2715; x_wconf 82' lang='grc' dir='ltr'><strong>Νἰοορίιοτιιε</strong></span> 
     </span>
     <span class='ocr_line' id='line_1_22' title="bbox 293 2739 1481 2825; baseline 0.001 -19"><span class='ocrx_word' id='word_1_184' title='bbox 293 2740 489 2823; x_wconf 77' lang='lat' dir='ltr'><strong>Gaegarae</strong></span> <span class='ocrx_word' id='word_1_185' title='bbox 517 2740 551 2812; x_wconf 86' lang='lat' dir='ltr'><strong>l,</strong></span> <span class='ocrx_word' id='word_1_186' title='bbox 578 2741 599 2804; x_wconf 84' lang='grc'><strong>2</strong></span> <span class='ocrx_word' id='word_1_187' title='bbox 621 2740 690 2824; x_wconf 77' lang='lat' dir='ltr'><strong>(ed.</strong></span> <span class='ocrx_word' id='word_1_188' title='bbox 717 2739 810 2804; x_wconf 87' lang='lat' dir='ltr'><strong>Beue.</strong></span> <span class='ocrx_word' id='word_1_189' title='bbox 828 2759 857 2822; x_wconf 91' lang='lat' dir='ltr'><strong>p.</strong></span> <span class='ocrx_word' id='word_1_190' title='bbox 885 2739 960 2825; x_wconf 83' lang='lat'>13):</span> <span class='ocrx_word' id='word_1_191' title='bbox 986 2741 1050 2812; x_wconf 81' lang='grc' dir='ltr'><strong>Τῆς</strong></span> <span class='ocrx_word' id='word_1_192' title='bbox 1078 2785 1087 2804; x_wconf 92' lang='grc'><strong>.</strong></span> <span class='ocrx_word' id='word_1_193' title='bbox 1117 2785 1126 2804; x_wconf 90' lang='grc'><strong>.</strong></span> <span class='ocrx_word' id='word_1_194' title='bbox 1156 2787 1165 2802; x_wconf 92' lang='grc'><strong>.</strong></span> <span class='ocrx_word' id='word_1_195' title='bbox 1190 2742 1481 2806; x_wconf 86' lang='grc' dir='ltr'><strong>Κωυστοιντινουπό-</strong></span> 
     </span>
     <span class='ocr_line' id='line_1_23' title="bbox 292 2847 1481 2935; baseline -0.003 -17"><span class='ocrx_word' id='word_1_196' title='bbox 292 2852 369 2926; x_wconf 89' lang='grc' dir='ltr'><strong>λεως</strong></span> <span class='ocrx_word' id='word_1_197' title='bbox 392 2855 449 2914; x_wconf 84' lang='grc' dir='ltr'><strong>ὑπό</strong></span> <span class='ocrx_word' id='word_1_198' title='bbox 473 2858 532 2914; x_wconf 81' lang='grc' dir='ltr'><strong>τῶν</strong></span> <span class='ocrx_word' id='word_1_199' title='bbox 556 2850 694 2914; x_wconf 84' lang='grc' dir='ltr'><strong>Λατίνων</strong></span> <span class='ocrx_word' id='word_1_200' title='bbox 718 2847 860 2922; x_wconf 86' lang='grc' dir='ltr'><strong>άλοόσης,</strong></span> <span class='ocrx_word' id='word_1_201' title='bbox 884 2847 997 2932; x_wconf 85' lang='grc' dir='ltr'><strong>συνέβη</strong></span> <span class='ocrx_word' id='word_1_202' title='bbox 1022 2855 1074 2921; x_wconf 78' lang='grc' dir='ltr'><strong>τὴν</strong></span> <span class='ocrx_word' id='word_1_203' title='bbox 1096 2859 1157 2912; x_wconf 81' lang='grc' dir='ltr'><strong>τῶν</strong></span> <span class='ocrx_word' id='word_1_204' title='bbox 1177 2847 1341 2932; x_wconf 87' lang='grc' dir='ltr'><strong>Ῥωμαίων</strong></span> <span class='ocrx_word' id='word_1_205' title='bbox 1362 2855 1481 2935; x_wconf 71' lang='grc' dir='ltr'><strong>ἡγεμο-</strong></span> 
     </span>
     <span class='ocr_line' id='line_1_24' title="bbox 292 2957 1478 3045; baseline 0 -19"><span class='ocrx_word' id='word_1_206' title='bbox 292 2969 359 3028; x_wconf 90' lang='grc' dir='ltr'><strong>νίαν</strong></span> <span class='ocrx_word' id='word_1_207' title='bbox 386 3009 393 3024; x_wconf 91' lang='grc'>.</span> <span class='ocrx_word' id='word_1_208' title='bbox 419 3006 427 3024; x_wconf 93' lang='grc'><strong>.</strong></span> <span class='ocrx_word' id='word_1_209' title='bbox 453 3007 461 3024; x_wconf 94' lang='grc'><strong>.</strong></span> <span class='ocrx_word' id='word_1_210' title='bbox 487 2966 565 3024; x_wconf 84' lang='grc' dir='ltr'><strong>κατὰ</strong></span> <span class='ocrx_word' id='word_1_211' title='bbox 593 2964 729 3045; x_wconf 86' lang='grc' dir='ltr'><strong>τεμάχια</strong></span> <span class='ocrx_word' id='word_1_212' title='bbox 751 2967 800 3021; x_wconf 85' lang='grc' dir='ltr'><strong>καὶ</strong></span> <span class='ocrx_word' id='word_1_213' title='bbox 824 2965 900 3044; x_wconf 87' lang='grc' dir='ltr'><strong>μέρη</strong></span> <span class='ocrx_word' id='word_1_214' title='bbox 924 2959 1048 3025; x_wconf 86' lang='grc' dir='ltr'><strong>πλεῖστα</strong></span> <span class='ocrx_word' id='word_1_215' title='bbox 1074 2957 1285 3043; x_wconf 68' lang='grc' dir='ltr'><strong>διαιρεθῆναι,</strong></span> <span class='ocrx_word' id='word_1_216' title='bbox 1314 2969 1363 3024; x_wconf 81' lang='grc' dir='ltr'><strong>καί</strong></span> <span class='ocrx_word' id='word_1_217' title='bbox 1384 2961 1478 3026; x_wconf 80' lang='grc' dir='ltr'><strong>ἄλλον</strong></span> 
     </span>
     <span class='ocr_line' id='line_1_25' title="bbox 303 3068 1480 3155; baseline 0.001 -20"><span class='ocrx_word' id='word_1_218' title='bbox 303 3070 406 3135; x_wconf 68' lang='grc' dir='ltr'><strong>νλλοθι</strong></span> <span class='ocrx_word' id='word_1_219' title='bbox 434 3073 514 3132; x_wconf 83' lang='grc' dir='ltr'><strong>κατὰ</strong></span> <span class='ocrx_word' id='word_1_220' title='bbox 544 3073 653 3154; x_wconf 89' lang='grc' dir='ltr'><strong>μόρια,</strong></span> <span class='ocrx_word' id='word_1_221' title='bbox 682 3077 731 3132; x_wconf 82' lang='grc' dir='ltr'><strong>καί</strong></span> <span class='ocrx_word' id='word_1_222' title='bbox 757 3069 800 3139; x_wconf 87' lang='grc' dir='ltr'><strong>ὡς</strong></span> <span class='ocrx_word' id='word_1_223' title='bbox 823 3069 944 3142; x_wconf 83' lang='grc' dir='ltr'><strong>ίκαστοι1</strong></span> <span class='ocrx_word' id='word_1_224' title='bbox 962 3073 1095 3153; x_wconf 82' lang='grc' dir='ltr'><strong>τύχοιεν,</strong></span> <span class='ocrx_word' id='word_1_225' title='bbox 1124 3075 1236 3141; x_wconf 89' lang='grc' dir='ltr'><strong>τοιότην</strong></span> <span class='ocrx_word' id='word_1_226' title='bbox 1265 3068 1480 3155; x_wconf 81' lang='grc' dir='ltr'><strong>διαλαχόντας</strong></span> 
     </span>
     <span class='ocr_line' id='line_1_26' title="bbox 295 3177 1479 3266; baseline 0 -22"><span class='ocrx_word' id='word_1_227' title='bbox 295 3179 529 3266; x_wconf 68' lang='grc' dir='ltr'><strong>κληρώσασθαι.</strong></span> <span class='ocrx_word' id='word_1_228' title='bbox 560 3223 568 3241; x_wconf 94' lang='grc'><strong>.</strong></span> <span class='ocrx_word' id='word_1_229' title='bbox 599 3224 608 3241; x_wconf 92' lang='grc'><strong>.</strong></span> <span class='ocrx_word' id='word_1_230' title='bbox 634 3225 642 3242; x_wconf 94' lang='grc'><strong>.</strong></span> <span class='ocrx_word' id='word_1_231' title='bbox 676 3177 771 3262; x_wconf 89' lang='grc' dir='ltr'><strong>Ἦρος</strong></span> <span class='ocrx_word' id='word_1_232' title='bbox 793 3183 847 3260; x_wconf 86' lang='grc' dir='ltr'><strong>μέν</strong></span> <span class='ocrx_word' id='word_1_233' title='bbox 874 3178 924 3240; x_wconf 79' lang='grc' dir='ltr'><strong>οὖν</strong></span> <span class='ocrx_word' id='word_1_234' title='bbox 953 3177 1106 3249; x_wconf 73' lang='grc' dir='ltr'><strong>ἐνειστήκει</strong></span> <span class='ocrx_word' id='word_1_235' title='bbox 1131 3181 1249 3263; x_wconf 88' lang='grc' dir='ltr'><strong>καιρός,</strong></span> <span class='ocrx_word' id='word_1_236' title='bbox 1278 3181 1327 3242; x_wconf 78' lang='grc' dir='ltr'><strong>ὅτε</strong></span> <span class='ocrx_word' id='word_1_237' title='bbox 1350 3180 1479 3246; x_wconf 90' lang='grc' dir='ltr'><strong>Λατῖνοι</strong></span> 
     </span>
     <span class='ocr_line' id='line_1_27' title="bbox 293 3279 1479 3371; baseline 0 -21"><span class='ocrx_word' id='word_1_238' title='bbox 293 3293 346 3358; x_wconf 75' lang='grc' dir='ltr'><strong>τὴν</strong></span> <span class='ocrx_word' id='word_1_239' title='bbox 375 3285 596 3371; x_wconf 80' lang='grc' dir='ltr'><strong>βασιλεύουσαν</strong></span> <span class='ocrx_word' id='word_1_240' title='bbox 623 3279 845 3369; x_wconf 63' lang='grc' dir='ltr'><strong>ἐξεπόρθησαν.</strong></span> <span class='ocrx_word' id='word_1_241' title='bbox 882 3287 981 3369; x_wconf 78' lang='grc' dir='ltr'><strong>Τριχῇ</strong></span> <span class='ocrx_word' id='word_1_242' title='bbox 1011 3281 1039 3348; x_wconf 89' lang='grc' dir='ltr'><strong>δ’</strong></span> <span class='ocrx_word' id='word_1_243' title='bbox 1062 3288 1156 3355; x_wconf 78' lang='grc' dir='ltr'><strong>αὐτὴν</strong></span> <span class='ocrx_word' id='word_1_244' title='bbox 1182 3283 1343 3369; x_wconf 79' lang='grc' dir='ltr'><strong>διελόμενοι</strong></span> <span class='ocrx_word' id='word_1_245' title='bbox 1374 3286 1479 3353; x_wconf 88' lang='grc' dir='ltr'><strong>διενεί-</strong></span> 
     </span>
     <span class='ocr_line' id='line_1_28' title="bbox 294 3391 1479 3480; baseline -0.001 -22"><span class='ocrx_word' id='word_1_246' title='bbox 294 3417 391 3480; x_wconf 88' lang='grc' dir='ltr'><strong>μαντο</strong></span> <span class='ocrx_word' id='word_1_247' title='bbox 419 3399 499 3458; x_wconf 78' lang='grc' dir='ltr'><strong>κατὰ</strong></span> <span class='ocrx_word' id='word_1_248' title='bbox 529 3403 629 3480; x_wconf 82' lang='grc' dir='ltr'><strong>σφᾶς,</strong></span> <span class='ocrx_word' id='word_1_249' title='bbox 658 3397 675 3455; x_wconf 89' lang='grc' dir='ltr'><strong>ό</strong></span> <span class='ocrx_word' id='word_1_250' title='bbox 698 3415 728 3456; x_wconf 90' lang='grc' dir='ltr'><strong>τε</strong></span> <span class='ocrx_word' id='word_1_251' title='bbox 755 3397 851 3476; x_wconf 90' lang='grc' dir='ltr'><strong>κόμης</strong></span> <span class='ocrx_word' id='word_1_252' title='bbox 871 3391 1040 3476; x_wconf 82' lang='grc' dir='ltr'><strong>Φλάνδρας</strong></span> <span class='ocrx_word' id='word_1_253' title='bbox 1063 3391 1247 3465; x_wconf 87' lang='grc' dir='ltr'><strong>Βοιλδουῖνος</strong></span> <span class='ocrx_word' id='word_1_254' title='bbox 1267 3398 1319 3458; x_wconf 83' lang='grc' dir='ltr'><strong>καὶ</strong></span> <span class='ocrx_word' id='word_1_255' title='bbox 1340 3397 1356 3458; x_wconf 89' lang='grc' dir='ltr'><strong>ό</strong></span> <span class='ocrx_word' id='word_1_256' title='bbox 1380 3401 1479 3479; x_wconf 82' lang='grc' dir='ltr'><strong>κόμης</strong></span> 
     </span>
     <span class='ocr_line' id='line_1_29' title="bbox 294 3500 1478 3591; baseline -0.001 -22"><span class='ocrx_word' id='word_1_257' title='bbox 294 3505 393 3580; x_wconf 84' lang='grc' dir='ltr'><strong>Πλέης</strong></span> <span class='ocrx_word' id='word_1_258' title='bbox 415 3504 567 3579; x_wconf 83' lang='grc' dir='ltr'><strong>Δολόῖκος.</strong></span> <span class='ocrx_word' id='word_1_259' title='bbox 601 3503 701 3575; x_wconf 88' lang='grc' dir='ltr'><strong>Μόνος</strong></span> <span class='ocrx_word' id='word_1_260' title='bbox 727 3500 760 3566; x_wconf 81' lang='grc' dir='ltr'><strong>δέ</strong></span> <span class='ocrx_word' id='word_1_261' title='bbox 787 3503 1064 3588; x_wconf 85' lang='grc' dir='ltr'><strong>Μοντησρεροίντας</strong></span> <span class='ocrx_word' id='word_1_262' title='bbox 1086 3507 1251 3587; x_wconf 85' lang='grc' dir='ltr'><strong>μαρκέσιος</strong></span> <span class='ocrx_word' id='word_1_263' title='bbox 1273 3500 1333 3591; x_wconf 64' lang='lat' dir='ltr'><strong>llil</strong></span> <span class='ocrx_word' id='word_1_264' title='bbox 1365 3504 1478 3573; x_wconf 79' lang='grc' dir='ltr'><strong>ἀποδέ-</strong></span> 
     </span>
     <span class='ocr_line' id='line_1_30' title="bbox 296 3591 1477 3695; baseline 0 -18"><span class='ocrx_word' id='word_1_265' title='bbox 296 3591 409 3678; x_wconf 88' lang='grc' dir='ltr'><strong>δεικται</strong></span> <span class='ocrx_word' id='word_1_266' title='bbox 448 3611 666 3682; x_wconf 87' lang='grc' dir='ltr'><strong>Θεσσαλονίκης</strong></span> <span class='ocrx_word' id='word_1_267' title='bbox 698 3618 750 3675; x_wconf 80' lang='grc' dir='ltr'><strong>καί</strong></span> <span class='ocrx_word' id='word_1_268' title='bbox 782 3621 842 3674; x_wconf 85' lang='grc' dir='ltr'><strong>τῶν</strong></span> <span class='ocrx_word' id='word_1_269' title='bbox 876 3615 1021 3676; x_wconf 82' lang='grc' dir='ltr'><strong>ἐπέκεινα·</strong></span> <span class='ocrx_word' id='word_1_270' title='bbox 1063 3609 1206 3695; x_wconf 83' lang='grc' dir='ltr'><strong>βασιλεὺς</strong></span> <span class='ocrx_word' id='word_1_271' title='bbox 1242 3611 1268 3674; x_wconf 78' lang='grc' dir='ltr'><strong>δ’</strong></span> <span class='ocrx_word' id='word_1_272' title='bbox 1303 3609 1338 3688; x_wconf 76' lang='grc' dir='ltr'><strong>ἐξ</strong></span> <span class='ocrx_word' id='word_1_273' title='bbox 1377 3619 1477 3680; x_wconf 76' lang='grc' dir='ltr'><strong>αὐτῶν</strong></span> 
     </span>
     <span class='ocr_line' id='line_1_31' title="bbox 297 3719 1478 3808; baseline 0.001 -21"><span class='ocrx_word' id='word_1_274' title='bbox 297 3726 497 3808; x_wconf 78' lang='grc' dir='ltr'><strong>ἀνηγορεύετο</strong></span> <span class='ocrx_word' id='word_1_275' title='bbox 535 3719 722 3796; x_wconf 83' lang='grc' dir='ltr'><strong>Βυζαντίδος</strong></span> <span class='ocrx_word' id='word_1_276' title='bbox 753 3723 769 3784; x_wconf 90' lang='grc' dir='ltr'><strong>ό</strong></span> <span class='ocrx_word' id='word_1_277' title='bbox 800 3719 994 3794; x_wconf 85' lang='grc' dir='ltr'><strong>Βαλδουτνος.</strong></span> <span class='ocrx_word' id='word_1_278' title='bbox 1033 3757 1076 3768; x_wconf 93' lang='grc'>-</span> <span class='ocrx_word' id='word_1_279' title='bbox 1113 3720 1412 3804; x_wconf 65' lang='lat' dir='ltr'><strong>ephraemius</strong></span> <span class='ocrx_word' id='word_1_280' title='bbox 1446 3727 1478 3790; x_wconf 89' lang='lat' dir='ltr'><strong>in</strong></span> 
     </span>
     <span class='ocr_line' id='line_1_32' title="bbox 295 3828 1477 3916; baseline 0.002 -20"><span class='ocrx_word' id='word_1_281' title='bbox 295 3829 463 3896; x_wconf 64' lang='lat' dir='ltr'><strong>Caesaribus</strong></span> <span class='ocrx_word' id='word_1_282' title='bbox 493 3850 521 3894; x_wconf 80' lang='lat' dir='ltr'><strong>u.</strong></span> <span class='ocrx_word' id='word_1_283' title='bbox 545 3830 632 3894; x_wconf 79' lang='lat'>7172</span> <span class='ocrx_word' id='word_1_284' title='bbox 661 3850 726 3914; x_wconf 71' lang='lat' dir='ltr'><strong>sqq.</strong></span> <span class='ocrx_word' id='word_1_285' title='bbox 755 3829 821 3916; x_wconf 85' lang='lat' dir='ltr'><strong>(ed.</strong></span> <span class='ocrx_word' id='word_1_286' title='bbox 851 3830 945 3894; x_wconf 84' lang='lat' dir='ltr'><strong>Banu.</strong></span> <span class='ocrx_word' id='word_1_287' title='bbox 975 3851 1005 3913; x_wconf 85' lang='grc' dir='ltr'><strong>ρ.</strong></span> <span class='ocrx_word' id='word_1_288' title='bbox 1028 3828 1127 3915; x_wconf 79' lang='grc'>291);</span> <span class='ocrx_word' id='word_1_289' title='bbox 1157 3831 1196 3893; x_wconf 86' lang='grc' dir='ltr'><strong>Οί</strong></span> <span class='ocrx_word' id='word_1_290' title='bbox 1219 3829 1246 3894; x_wconf 85' lang='grc' dir='ltr'><strong>δ’</strong></span> <span class='ocrx_word' id='word_1_291' title='bbox 1265 3831 1377 3897; x_wconf 82' lang='grc' dir='ltr'><strong>Ἰταλοί</strong></span> <span class='ocrx_word' id='word_1_292' title='bbox 1400 3881 1409 3898; x_wconf 92' lang='grc'><strong>.</strong></span> <span class='ocrx_word' id='word_1_293' title='bbox 1433 3879 1441 3894; x_wconf 92' lang='grc'><strong>.</strong></span> <span class='ocrx_word' id='word_1_294' title='bbox 1466 3881 1477 3898; x_wconf 90' lang='grc'><strong>.</strong></span> 
     </span>
     <span class='ocr_line' id='line_1_33' title="bbox 299 3937 1481 4024; baseline 0.001 -20"><span class='ocrx_word' id='word_1_295' title='bbox 299 3938 382 4004; x_wconf 69' lang='lat' dir='ltr'><strong>‘aasz</strong></span> <span class='ocrx_word' id='word_1_296' title='bbox 405 3961 441 4024; x_wconf 87' lang='grc' dir='ltr'><strong>γε</strong></span> <span class='ocrx_word' id='word_1_297' title='bbox 463 3937 654 4024; x_wconf 89' lang='grc' dir='ltr'><strong>τετράκλιμον</strong></span> <span class='ocrx_word' id='word_1_298' title='bbox 677 3941 812 4024; x_wconf 84' lang='grc' dir='ltr'><strong>ίσχουτες</strong></span> <span class='ocrx_word' id='word_1_299' title='bbox 834 3945 935 4010; x_wconf 84' lang='grc' dir='ltr'><strong>κτίσιν,</strong></span> <span class='ocrx_word' id='word_1_300' title='bbox 963 3939 1002 4000; x_wconf 89' lang='grc' dir='ltr'><strong>Ἢ</strong></span> <span class='ocrx_word' id='word_1_301' title='bbox 1022 3939 1073 4002; x_wconf 89' lang='grc' dir='ltr'><strong>καί</strong></span> <span class='ocrx_word' id='word_1_302' title='bbox 1093 3937 1229 4022; x_wconf 84' lang='grc' dir='ltr'><strong>βασιλεῖς</strong></span> <span class='ocrx_word' id='word_1_303' title='bbox 1244 3941 1481 4024; x_wconf 69' lang='grc' dir='ltr'><strong>ἐγκαθεστῶτες</strong></span> 
     </span>
     <span class='ocr_line' id='line_1_34' title="bbox 298 4045 1480 4138; baseline 0.003 -28"><span class='ocrx_word' id='word_1_304' title='bbox 298 4053 384 4132; x_wconf 85' lang='grc' dir='ltr'><strong>τάχα</strong></span> <span class='ocrx_word' id='word_1_305' title='bbox 409 4046 561 4112; x_wconf 84' lang='grc' dir='ltr'><strong>Βασιλέων</strong></span> <span class='ocrx_word' id='word_1_306' title='bbox 587 4050 709 4110; x_wconf 89' lang='grc' dir='ltr'><strong>πάντων</strong></span> <span class='ocrx_word' id='word_1_307' title='bbox 737 4069 771 4131; x_wconf 93' lang='grc' dir='ltr'><strong>γε</strong></span> <span class='ocrx_word' id='word_1_308' title='bbox 798 4058 858 4110; x_wconf 87' lang='grc' dir='ltr'><strong>τῶν</strong></span> <span class='ocrx_word' id='word_1_309' title='bbox 887 4049 933 4110; x_wconf 85' lang='grc' dir='ltr'><strong>ἐπί</strong></span> <span class='ocrx_word' id='word_1_310' title='bbox 955 4046 1079 4132; x_wconf 69' lang='grc' dir='ltr'><strong>χθόνα,</strong></span> <span class='ocrx_word' id='word_1_311' title='bbox 1107 4048 1218 4118; x_wconf 84' lang='grc' dir='ltr'><strong>Αότοῐς</strong></span> <span class='ocrx_word' id='word_1_312' title='bbox 1245 4045 1352 4112; x_wconf 87' lang='grc' dir='ltr'><strong>διεῖλον</strong></span> <span class='ocrx_word' id='word_1_313' title='bbox 1382 4053 1480 4138; x_wconf 88' lang='grc' dir='ltr'><strong>σρίσιυ</strong></span> 
     </span>
     <span class='ocr_line' id='line_1_35' title="bbox 296 4153 1479 4241; baseline 0.003 -23"><span class='ocrx_word' id='word_1_314' title='bbox 296 4162 349 4227; x_wconf 87' lang='grc' dir='ltr'><strong>τὴν</strong></span> <span class='ocrx_word' id='word_1_315' title='bbox 372 4159 559 4239; x_wconf 79' lang='grc' dir='ltr'><strong>οἰκουμένην,</strong></span> <span class='ocrx_word' id='word_1_316' title='bbox 582 4157 714 4241; x_wconf 84' lang='grc' dir='ltr'><strong>Χώρας,</strong></span> <span class='ocrx_word' id='word_1_317' title='bbox 743 4158 841 4230; x_wconf 87' lang='grc' dir='ltr'><strong>πόλεις</strong></span> <span class='ocrx_word' id='word_1_318' title='bbox 865 4157 992 4228; x_wconf 76' lang='grc' dir='ltr'><strong>ἕκαστος</strong></span> <span class='ocrx_word' id='word_1_319' title='bbox 1014 4157 1057 4228; x_wconf 86' lang='grc' dir='ltr'><strong>είς</strong></span> <span class='ocrx_word' id='word_1_320' title='bbox 1079 4153 1261 4240; x_wconf 87' lang='grc' dir='ltr'><strong>κληρουχίαν</strong></span> <span class='ocrx_word' id='word_1_321' title='bbox 1285 4158 1346 4224; x_wconf 80' lang='grc' dir='ltr'><strong>Καί</strong></span> <span class='ocrx_word' id='word_1_322' title='bbox 1370 4156 1479 4222; x_wconf 89' lang='grc' dir='ltr'><strong>δεσπο-</strong></span> 
     </span>
     <span class='ocr_line' id='line_1_36' title="bbox 296 4261 1480 4352; baseline 0.005 -25"><span class='ocrx_word' id='word_1_323' title='bbox 296 4266 377 4328; x_wconf 89' lang='grc' dir='ltr'><strong>τείαν</strong></span> <span class='ocrx_word' id='word_1_324' title='bbox 404 4263 616 4348; x_wconf 87' lang='grc' dir='ltr'><strong>λαμβάνοντες</strong></span> <span class='ocrx_word' id='word_1_325' title='bbox 643 4268 673 4327; x_wconf 83' lang='grc' dir='ltr'><strong>ἐν</strong></span> <span class='ocrx_word' id='word_1_326' title='bbox 700 4263 809 4352; x_wconf 89' lang='grc' dir='ltr'><strong>λόγοις.</strong></span> <span class='ocrx_word' id='word_1_327' title='bbox 845 4263 918 4345; x_wconf 79' lang='lat' dir='ltr'><strong>Quae</strong></span> <span class='ocrx_word' id='word_1_328' title='bbox 945 4285 963 4326; x_wconf 89' lang='lat' dir='ltr'><strong>e</strong></span> <span class='ocrx_word' id='word_1_329' title='bbox 989 4261 1016 4325; x_wconf 88' lang='grc' dir='ltr'><strong><em>Ν</em></strong></span> <span class='ocrx_word' id='word_1_330' title='bbox 1022 4263 1126 4327; x_wconf 84' lang='lat' dir='ltr'><strong>ieeta</strong></span> <span class='ocrx_word' id='word_1_331' title='bbox 1158 4266 1343 4346; x_wconf 77' lang='lat' dir='ltr'><strong>potissimum</strong></span> <span class='ocrx_word' id='word_1_332' title='bbox 1376 4268 1480 4333; x_wconf 84' lang='lat' dir='ltr'><strong>lausia</strong></span> 
     </span>
     <span class='ocr_line' id='line_1_37' title="bbox 298 4371 1477 4458; baseline 0.002 -22"><span class='ocrx_word' id='word_1_333' title='bbox 298 4377 430 4457; x_wconf 82' lang='lat' dir='ltr'><strong>apparet.</strong></span> <span class='ocrx_word' id='word_1_334' title='bbox 441 4411 484 4421; x_wconf 90' lang='lat'><strong>—-</strong></span> <span class='ocrx_word' id='word_1_335' title='bbox 493 4371 515 4435; x_wconf 83' lang='lat' dir='ltr'>C</span> <span class='ocrx_word' id='word_1_336' title='bbox 524 4374 542 4436; x_wconf 91' lang='lat' dir='ltr'><strong>h</strong></span> <span class='ocrx_word' id='word_1_337' title='bbox 551 4373 706 4440; x_wconf 81' lang='lat' dir='ltr'><strong>reuieen</strong></span> <span class='ocrx_word' id='word_1_338' title='bbox 720 4373 852 4438; x_wconf 80' lang='lat' dir='ltr'><strong>lloreae</strong></span> <span class='ocrx_word' id='word_1_339' title='bbox 861 4371 998 4457; x_wconf 89' lang='grc' dir='ltr'><strong>(Βιβλίον</strong></span> <span class='ocrx_word' id='word_1_340' title='bbox 1006 4384 1062 4448; x_wconf 86' lang='grc' dir='ltr'><strong>τῆς</strong></span> <span class='ocrx_word' id='word_1_341' title='bbox 1073 4371 1275 4458; x_wconf 85' lang='grc' dir='ltr'><strong>κουγκέατας)</strong></span> <span class='ocrx_word' id='word_1_342' title='bbox 1285 4372 1333 4438; x_wconf 85' lang='lat' dir='ltr'><strong>ed.</strong></span> <span class='ocrx_word' id='word_1_343' title='bbox 1343 4374 1477 4442; x_wconf 83' lang='lat' dir='ltr'><strong>Bueleu.</strong></span> 
     </span>
     <span class='ocr_line' id='line_1_38' title="bbox 299 4481 1478 4568; baseline 0.007 -25"><span class='ocrx_word' id='word_1_344' title='bbox 299 4481 393 4546; x_wconf 76' lang='lat' dir='ltr'><strong>Paria.</strong></span> <span class='ocrx_word' id='word_1_345' title='bbox 414 4481 510 4554; x_wconf 75' lang='lat'><strong>1845,</strong></span> <span class='ocrx_word' id='word_1_346' title='bbox 533 4483 669 4548; x_wconf 79' lang='lat' dir='ltr'><strong>versibus</strong></span> <span class='ocrx_word' id='word_1_347' title='bbox 688 4483 923 4550; x_wconf 70' lang='lat' dir='ltr'><strong>luae-1029:</strong></span> <span class='ocrx_word' id='word_1_348' title='bbox 955 4483 1069 4568; x_wconf 87' lang='grc' dir='ltr'><strong>Ἔτυχε</strong></span> <span class='ocrx_word' id='word_1_349' title='bbox 1096 4487 1157 4568; x_wconf 83' lang='grc' dir='ltr'><strong>γὰρ</strong></span> <span class='ocrx_word' id='word_1_350' title='bbox 1185 4493 1241 4556; x_wconf 80' lang='grc' dir='ltr'><strong>τῆς</strong></span> <span class='ocrx_word' id='word_1_351' title='bbox 1269 4485 1408 4557; x_wconf 89' lang='grc' dir='ltr'><strong>Βενετίας</strong></span> <span class='ocrx_word' id='word_1_352' title='bbox 1433 4492 1478 4551; x_wconf 83' lang='grc' dir='ltr'><strong>τό</strong></span> 
     </span>
     <span class='ocr_line' id='line_1_39' title="bbox 299 4588 1477 4687; baseline 0.006 -37"><span class='ocrx_word' id='word_1_353' title='bbox 299 4593 470 4676; x_wconf 87' lang='grc' dir='ltr'><strong>τετάρτη</strong></span> <span class='ocrx_word' id='word_1_354' title='bbox 495 4588 673 4676; x_wconf 76' lang='grc' dir='ltr'><strong>ἡμερίδα</strong></span> <span class='ocrx_word' id='word_1_355' title='bbox 698 4593 770 4654; x_wconf 87' lang='grc' dir='ltr'><strong>Καί</strong></span> <span class='ocrx_word' id='word_1_356' title='bbox 794 4597 832 4655; x_wconf 90' lang='grc' dir='ltr'><strong>τό</strong></span> <span class='ocrx_word' id='word_1_357' title='bbox 855 4597 990 4676; x_wconf 84' lang='grc' dir='ltr'><strong>ἧμισον</strong></span> <span class='ocrx_word' id='word_1_358' title='bbox 1014 4600 1078 4654; x_wconf 83' lang='grc' dir='ltr'><strong>τοῦ</strong></span> <span class='ocrx_word' id='word_1_359' title='bbox 1103 4595 1310 4677; x_wconf 90' lang='grc' dir='ltr'><strong>τετάρτου,</strong></span> <span class='ocrx_word' id='word_1_360' title='bbox 1337 4591 1477 4687; x_wconf 83' lang='grc' dir='ltr'><strong>όγδοον</strong></span> 
     </span>
    </p>
   </div>
   <div class='ocr_carea' id='block_1_3' title="bbox 0 0 1575 5080">
    <p class='ocr_par' dir='ltr' id='par_1_3' title="bbox 0 0 1575 5080">
     <span class='ocr_line' id='line_1_40' title="bbox 0 0 1575 5080; baseline 0 0"><span class='ocrx_word' id='word_1_361' title='bbox 0 0 1575 5080; x_wconf 95' lang='lat' dir='ltr'><strong> </strong></span> 
     </span>
    </p>
   </div>
  </div>
 </body>
</html>
