3130 5082
530 381 648 434 Pronum
664 379 837 434 Wnnrsuunr.
863 398 866 405 ·

641 623 708 694 XL.

82 759 203 824 reetr-
231 761 399 826 'amatt
427 764 603 828 tetrtucbe
630 764 886 845 ltcrosetynttut
913 763 950 825 te
978 762 1069 826 tertia
1096 764 1181 843 parte
1208 758 1276 839 'tyri

514 873 633 936 ieaetts
649 873 845 938 concedente.

597 995 629 1048 Α.
643 993 762 1050 11123.

164 1097 1275 1188 Antogrrptumpulcherrimnnexutincot.S.uoroimunoetass.xtv,

80 1210 147 1275 cod.
165 1210 258 1274 LXXI
273 1211 348 1298 (α);
366 1211 476 1277 ibidem
494 1211 620 1278 alterurn
637 1213 750 1278 saeculo
766 1211 834 1275 tere
850 1211 1004 1276 recentius
1022 1209 1093 1296 (β).
1123 1207 1191 1273 Lib.
1209 1206 1274 1270 Alb.

78 1319 131 1383 sol.
158 1315 340 1385 aas-atu
365 1319 421 1384 hac
444 1323 657 1406 inscriptione:
690 1319 901 1405 „privilegium
923 1321 1004 1404 pacti
1030 1315 1190 1382 Varmundi
1216 1315 1274 1378 Pa·

78 1427 216 1492 triarcbe
227 1425 471 1493 ‹lerosotomitani
487 1437 593 1494 sancto
606 1429 709 1494 Marco
726 1435 756 1494 et
772 1429 801 1494 d.
819 1428 975 1492 Dominico
992 1425 1134 1490 btichacli
1152 1424 1275 1508 suisque

79 1535 312 1602 successoribus
329 1543 360 1600 et
377 1537 570 1602 baronibus“.
596 1538 662 1601 Lib.
682 1537 764 1602 Pact.
781 1537 803 1610 1,
821 1533 874 1602 16.
900 1533 1156 1616 accipitri,
1175 1531 1274 1596 1539.

78 1645 273 1728 Rescriptum
297 1643 385 1709 buius
408 1647 559 1730 privilegii
576 1649 661 1730 operi
681 1667 735 1710 suo
751 1645 878 1710 intexuit
894 1643 972 1708 Guit.
990 1643 1071 1728 Tyr..
1099 1645 1177 1706 sicut
1198 1641 1276 1704 inira

78 1752 250 1837 apparebit.
262 1751 361 1818 Utres
373 1755 458 1838 ipsae,
470 1773 537 1840 quc
550 1755 580 1818 in
593 1754 649 1816 hnc
663 1753 847 1818 memorabili
860 1753 962 1817 charta
975 1754 1158 1819 reseruntur.
1171 1749 1276 1813 metius

78 1867 109 1924 et
121 1863 267 1926 continuo
279 1863 362 1947 quasi
376 1883 467 1928 cursu
479 1862 713 1948 perspiciantur,
736 1861 978 1946 operaepretium
992 1860 1139 1930 duximus,
1156 1865 1276 1922 veteres

78 1975 172 2034 testes
190 1969 255 2034 suis
272 1970 373 2035 uerbis
390 1971 531 2036 hocloco
550 1971 706 2056 toqucutcs
724 1969 880 2034 inducere.

171 2077 289 2140 Preter
305 2059 362 2142 bos
379 2081 435 2144 cir.
452 2080 599 2144 Lebret
614 2081 651 2144 Τ.
669 2079 691 2150 ί,
708 2099 738 2163 p.
753 2078 814 2142 301
836 2097 902 2162 sqq.
929 2077 975 2141 Pa
986 2079 1038 2140 uli
1056 2078 1161 2142 codice
1177 2077 1276 2161 dipto-

80 2186 190 2250 matico
209 2185 257 2250 det
275 2207 363 2252 secro
379 2189 508 2252 mititare
525 2188 630 2253 ordine
649 2187 902 2253 Gerosolimiteno
919 2187 955 2249 Τ.
973 2187 994 2256 1.
1012 2207 1040 2270 p.
1059 2185 1136 2250 tat.
1160 2183 1275 2249 Biblio-

1 2337 2 2346 .
80 2295 193 2380 tbeque
211 2295 266 2359 des
280 2296 436 2360 croisades
450 2317 504 2382 par
515 2298 554 2361 u.
567 2295 753 2360 Michuud.
772 2295 945 2378 Quatribme
957 2295 1062 2379 partie.
1089 2292 1276 2376 Cbrouiques

81 2401 200 2474 arabes,
214 2402 360 2468 traduites
377 2409 408 2468 ct
424 2407 514 2469 mises
527 2425 565 2470 en
578 2405 668 2469 ordrc
685 2423 739 2488 par
752 2403 792 2468 Μ.
806 2405 874 2470 Rei
886 2403 982 2468 cnud
1000 2403 1033 2488 ᾗ.
1043 2401 1089 2478 Χί,
1107 2421 1136 2486 p.
1152 2398 1194 2464 10
1208 2421 1275 2485 sqq.

80 2509 146 2575 Nec
171 2511 355 2582 omittenda,
383 2531 450 2596 quas
472 2513 594 2597 protulit
619 2513 793 2595 Beuguot
821 2511 878 2599 (te
902 2509 1060 2596 Comte)
1081 2512 1218 2574 Assisses
1238 2507 1276 2573 de
1345 2569 1350 2579 ,

1 2665 2 2677 ³
81 2618 252 2684 Jerusalem
268 2639 307 2683 ou
323 2617 446 2684 Recueit
470 2620 524 2685 des
547 2641 694 2703 ouvrages
716 2623 754 2686 de
772 2619 1007 2704 jurisprudeuce
1023 2621 1183 2704 composes
1199 2637 1276 2702 peu·

1 2715 2 2724 ¹
82 2727 153 2792 bant
174 2727 205 2792 le
226 2727 303 2792 xllt·
318 2729 414 2794 siecle
435 2730 509 2794 dans
533 2730 578 2794 les
600 2750 757 2816 royaumes
780 2731 818 2794 de
842 2727 1012 2794 Jerusalem
1035 2731 1066 2792 et
1088 2727 1126 2792 do
1144 2725 1276 2812 Chypre.

1 2865 3 2900 t
83 2835 177 2900 Tome
193 2836 229 2900 11.
242 2837 380 2901 Assisses
397 2837 436 2901 de
452 2835 479 2902 la
497 2859 571 2904 cour
586 2839 641 2904 des
657 2839 830 2922 bourgeoie.
860 2839 945 2902 Paris
963 2833 1200 2900 uueccxmn.
1226 2833 1277 2899 In-

1 2922 3 2939 1
83 2945 253 3010 troduction
270 2966 299 3029 p.
317 2945 380 3009 xx!
396 2965 441 3032 sq.
460 2953 532 3032 etp.
549 2947 625 3023 100,
645 2947 718 3012 101.
732 2949 868 3032 chapitrc
881 2943 1022 3010 cxcvii.
1040 2943 1103 3009 Hoc
1117 2941 1278 3028 capitulum

85 3053 235 3136 integrum
252 3053 309 3119 hnc
326 3054 392 3118 loco
416 3055 641 3120 transscribere
658 3077 694 3120 ex
710 3077 743 3121 re
758 3059 855 3121 risum
873 3061 929 3127 est,
955 3055 1066 3138 quippe
1091 3052 1170 3136 quod
1187 3053 1216 3116 in
1233 3051 1281 3114 his

2 3149 3 3176 ¹
86 3161 159 3246 ipsis
175 3165 273 3247 pactis
290 3163 396 3247 partim
413 3163 566 3230 innitatur.
593 3163 694 3228 Tenor
710 3165 796 3230 istius
811 3163 880 3228 tetis
898 3167 961 3228 est:

173 3270 217 3336 lci
233 3273 319 3336 ornes
335 3269 374 3336 de
390 3273 459 3356 quet
476 3271 570 3338 chose
592 3279 643 3338 out
663 3273 709 3338 les
727 3293 890 3338 conmunee
907 3277 974 3336 cort
991 3273 1078 3335 entre
1094 3271 1169 3343 iaus,
1194 3267 1280 3333 etde

88 3376 154 3462 quel
166 3379 262 3443 cbose
273 3379 294 3442 ίί
306 3399 344 3444 ue
357 3379 467 3446 devent
479 3381 556 3446 faire
565 3383 677 3455 raison,
690 3403 724 3448 se
738 3403 796 3446 non
807 3403 845 3446 en
858 3379 1054 3446 laCortReau
1067 3384 1098 3442 ct
1110 3398 1169 3442 uon
1182 3382 1277 3442 autre.

174 3487 250 3551 Βίου
272 3487 381 3552 sacbbs
402 3509 461 3574 que
485 3491 552 3554 nale
575 3491 631 3555 des
654 3510 833 3563 conmunes.
854 3491 881 3554 si
899 3507 1005 3554 coume
1020 3492 1089 3552 sont
1107 3485 1279 3553 Veneciens

88 3600 118 3660 et
131 3593 273 3660 (teneres
290 3601 321 3660 et
336 3595 452 3671 Pisone,
470 3617 507 3662 ne
523 3597 646 3663 deivent
661 3619 734 3664 avec
751 3597 821 3664 nule
838 3604 904 3664 cort
919 3603 1007 3662 entre
1019 3597 1096 3670 iaus,
1113 3616 1147 3660 se
1164 3615 1224 3660 non
1241 3595 1279 3661 de

87 3701 165 3768 leurs
181 3723 259 3786 gens
276 3723 435 3788 meysmes,
459 3707 509 3791 qui
526 3711 578 3770 ont
594 3713 731 3774 contrest
746 3707 902 3772 ensemble
919 3707 956 3772 de
972 3707 1063 3770 vente
1080 3723 1118 3768 ou
1140 3703 1278 3778 d’aohet,

4 3811 5 3816 ’
88 3831 123 3875 ou
140 3811 308 3876 d'aucuncs
325 3817 650 3882 autrescouveuancea
667 3817 747 3903 qu'il
763 3824 815 3883 out
831 3813 995 3881 ensemble.
1021 3813 1094 3876 Bion
1111 3812 1157 3877 les
1168 3819 1280 3900 perent

87 3919 287 4005 condempner
302 3919 368 3986 leur
384 3922 524 3988 conceles
549 3925 588 4012 (i.
606 3947 632 3990 e.
651 3925 811 4013 conculca)
832 3927 871 3991 dc
887 3921 999 3996 l'aver,
1017 3941 1054 3987 ca
1071 3921 1091 3986 ίΙ
1108 3921 1138 3985 le
1154 3921 1277 3997 tortont,

89 4035 116 4091 et
130 4036 225 4094 metro
241 4049 279 4093 en
296 4029 362 4095 leur
379 4033 492 4115 prison.
517 4031 594 4098 Mais
617 4033 686 4098 bien
704 4035 813 4098 sachis
830 4055 888 4120 que
905 4032 954 4097 nul
971 4037 1119 4096 coumune
1136 4028 1193 4094 n'a
1211 4035 1278 4096 cort

90 4135 124 4200 (te
139 4157 222 4213 sanc,
247 4159 283 4203 ce
301 4145 347 4202 cst
363 4139 402 4204 dc
419 4159 475 4225 cop
492 4145 631 4226 eperunt,
657 4143 686 4205 ni
703 4143 741 4207 de
758 4143 809 4208 nui
825 4149 940 4208 murtro
956 4141 987 4205 ni
1003 4139 1042 4203 dc
1060 4139 1174 4204 terecin
1191 4139 1221 4202 ni
1238 4138 1277 4203 dc

91 4249 203 4328 trapson
220 4247 250 4310 ni
267 4247 307 4311 de
324 4247 490 4322 herczerie
513 4250 540 4314 si
557 4269 624 4314 com
640 4257 688 4314 cst
703 4253 817 4336 patelin
829 4249 856 4336 ¹)
874 4272 912 4315 ou
935 4250 1060 4333 heregc,
1087 4248 1116 4310 ni
1133 4246 1172 4312 de
1188 4253 1276 4312 rente

115 4475 140 4547 ¹)
156 4477 283 4532 Patetin
302 4479 329 4532 in
342 4481 482 4536 Glossaric
493 4481 568 4553 operi
582 4499 683 4537 acuero
697 4485 853 4554 exponitur:
874 4485 1030 4554 contigat.
1057 4489 1152 4543 Versio
1170 4489 1272 4552 Italico,

156 4585 230 4639 mam
252 4569 339 4625 edidit
363 4571 482 4626 Victor
507 4572 664 4628 Foucber
691 4572 738 4644 (Τ.
762 4575 781 4638 1,
805 4575 829 4639 1,
852 4593 878 4646 p.
900 4575 971 4650 2⁴9)
997 4593 1012 4630 e
1036 4577 1130 4635 codice
1151 4579 1275 4639 &Marci
