3110 5080
240 356 336 412 Pscra
351 375 437 416 tarsa
452 361 601 420 ffinsrcou
616 365 773 423 Dunnouuu
788 383 824 422 sn
837 365 1080 424 Onnossrsnsros.
1171 357 1247 432 447

70 530 134 624 ipsi
153 527 364 602 concordIter
382 531 552 628 elegerint
581 535 617 608 si
635 559 715 609 uero
735 561 790 609 ser
809 539 840 609 in
864 561 959 610 unam
987 544 1112 631 partem
1136 547 1170 612 et
1192 563 1249 611 sex

70 657 104 728 in
124 655 218 730 allam
238 663 526 747 concordaremus,
551 686 625 734 sors
644 665 725 736 mitti
744 663 859 747 debeta
887 671 922 736 et
939 687 1040 760 super
1059 687 1153 759 wem
1172 689 1245 740 sors

67 788 238 878 ceciderit,
256 793 412 868 debemus
429 813 490 884 pro
509 787 773 886 Imperatore[m]
788 790 929 875 babere;
950 799 985 862 et
998 791 1024 862 si
1038 792 1149 886 plures
1163 816 1246 866 con-

67 922 233 996 senserint
251 924 283 996 in
303 945 366 994 una
385 925 497 1015 parte,
520 941 615 1011 mam
633 919 665 988 in
684 917 762 1004 alia,
789 917 876 990 illum
895 917 1126 1012 Imperatorem
1146 919 1247 992 habe·

67 1043 193 1132 bimus,
222 1050 254 1120 in
273 1071 369 1146 quern
394 1045 496 1117 maior
513 1065 590 1137 pars
610 1046 826 1116 consenserit.
854 1045 890 1116 Si
908 1067 989 1116 uero
1008 1046 1119 1140 plures
1136 1053 1247 1142 partes

66 1169 209 1260 brerint,
234 1198 329 1270 pam
354 1174 435 1256 due,
459 1193 559 1264 super
584 1193 679 1264 quem
697 1173 799 1243 maior
815 1195 893 1266 pars
911 1173 1180 1258 concordauerit‚
1205 1173 1248 1244 sit

66 1298 261 1393 Imperator.

159 1428 267 1500 Debet
292 1451 372 1500 uero
396 1428 575 1520 Imperator
599 1423 719 1496 babere
742 1424 927 1496 uniuersam
951 1431 1097 1520 quartam
1119 1431 1244 1520 partem

66 1553 216 1644 acquisiti
232 1555 361 1648 Imperij
376 1559 410 1626 et
423 1551 580 1648 palacium
589 1549 770 1622 BIacbcrne
783 1557 816 1622 et
828 1553 969 1624 Buccam
980 1551 1095 1624 leonis.
1112 1551 1247 1646 Italique

67 1699 152 1748 uero
171 1685 242 1750 tres
261 1687 372 1775 partes
390 1703 451 1776 per
468 1677 672 1748 medietatem
692 1677 855 1750 internos
874 1685 908 1750 et
926 1701 987 1750 uos
1006 1677 1203 1750 diuidantur.

158 1807 334 1880 Sciendum
353 1813 406 1878 est
424 1807 532 1886 etiarn,
554 1804 641 1898 quod
660 1803 779 1888 clerici,
800 1805 854 1897 qui
875 1805 914 1876 dc
933 1809 1027 1899 parte
1046 1803 1098 1876 illa
1116 1804 1248 1888 luerint,

67 1929 108 2000 de
123 1953 187 2024 qua
201 1954 267 2004 non
281 1934 381 2005 luerit
400 1934 584 2026 Imperator
596 1929 732 2013 electus,
751 1937 948 2024 potestatem
962 1930 1127 2003 habebunt
1140 1930 1249 2002 eccle-

66 2057 148 2128 siam
174 2065 290 2132 sancto
307 2059 428 2155 Sopbie
455 2055 625 2128 ordinandi
651 2062 684 2126 et
706 2057 921 2148 patriarcham
946 2057 1087 2151 eligendi
1116 2056 1188 2149 (et)
1208 2056 1248 2128 ad

66 2182 229 2255 honorem
240 2185 300 2256 Ilei
320 2194 353 2256 et
371 2190 484 2257 sancte
498 2184 645 2254 Romane
658 2179 807 2253 Ecclesia
822 2189 855 2254 et
873 2184 1014 2278 Imperij.
1035 2183 1153 2255 elerici
1166 2205 1248 2254 uero

66 2311 239 2404 utriusque
262 2312 365 2404 partis
388 2311 459 2382 illas
483 2309 640 2382 ecclesias
666 2308 818 2380 ordinare
841 2309 977 2393 debent,
1005 2332 1068 2403 que
1088 2333 1147 2380 sue
1165 2309 1249 2403 parti

64 2437 278 2531 contingent3
308 2437 349 2509 de
374 2436 634 2532 possessionibus
659 2457 738 2506 uero
764 2436 976 2508 ecelesiarum
998 2443 1049 2507 tot
1067 2443 1100 2506 et
1122 2442 1247 2508 tanturn
1315 2534 1319 2542 Ι

65 2562 199 2634 clericis
210 2569 244 2633 et
258 2563 409 2657 ecolesijs
420 2562 519 2634 debet
530 2561 707 2657 prouideri,
723 2583 788 2654 quo
802 2560 979 2634 honorilice
994 2563 1121 2655 possint
1134 2561 1247 2634 ninere

66 2695 100 2758 et
119 2689 333 2761 substentari.
362 2690 497 2782 Relique
521 2713 602 2760 nero
622 2688 847 2782 possessiones
867 2687 1076 2760 ecclesiarum
1096 2687 1194 2758 diuidi
1215 2693 1249 2760 et

67 2816 184 2907 partiri
205 2816 326 2888 debent
344 2814 523 2888 secundum
546 2814 690 2887 ordinem
707 2815 939 2908 presignatum.

159 2941 298 3038 Insuper
312 2945 408 3016 etiarn
420 2943 529 3014 iurare
542 2942 696 3013 debemus
709 2947 775 3012 mm
791 2961 830 3011 ex
847 2948 941 3035 parta
954 2947 1080 3022 nostra,
1101 2963 1195 3034 quam
1210 2963 1249 3011 er

65 3075 192 3150 uestra,
212 3070 301 3163 quod
319 3069 360 3141 ab
379 3069 490 3140 ultimo
507 3067 558 3138 die
573 3068 720 3139 instantis
739 3067 857 3138 mensis
875 3067 986 3161 Illarcij
1008 3067 1128 3141 morari
1147 3066 1249 3138 debe-

64 3217 138 3266 mus
164 3219 270 3288 usque
299 3195 481 3267 ndannnm
508 3193 683 3288 expletum,
708 3173 749 3263 ad
773 3192 943 3285 Imperium
963 3201 997 3264 et
1015 3195 1248 3286 Imperatorem

65 3321 373 3406 manutenendum,
394 3322 434 3394 ad
455 3321 611 3390 bonorem
620 3319 679 3390 Ilei
700 3326 733 3389 et
750 3324 864 3390 sancte
882 3321 1027 3392 Romane
1044 3319 1194 3392 Ecclesia
1214 3328 1248 3392 et

65 3447 212 3544 Imperij.
236 3448 364 3520 Deinde
379 3471 459 3520 uero
471 3449 607 3517 inantea
623 3467 748 3530 omnes,
762 3445 815 3539 qui
822 3437 852 3537 ¹)
867 3446 1004 3539 Imperio
1019 3447 1246 3532 remanserint,

64 3575 126 3669 ipsi
152 3574 347 3669 Imperatori
372 3573 507 3666 astringi
526 3572 646 3644 debent
670 3572 850 3642 iuramento
875 3550 1063 3642 secundum*
1078 3571 1195 3644 bonam
1215 3579 1249 3644 et

64 3699 296 3772 rationabilem
316 3699 594 3772 consuetudinem.
618 3697 663 3768 Et
682 3697 735 3782 illi,
755 3697 810 3790 qui
827 3690 942 3790 tunc²)
962 3697 1099 3792 Imperio
1119 3723 1250 3770 reman-

64 3827 190 3910 serint,
217 3833 254 3896 ut
280 3826 495 3909 dictumest,
524 3823 631 3896 iurare
655 3823 792 3907 debent,
817 3823 904 3916 quod
928 3823 1035 3894 firmas
1058 3834 1093 3896 et
1116 3825 1250 3897 stabiles

65 3959 180 4046 partes
200 3957 236 4022 et
253 3953 435 4045 pactiones,
456 3973 519 4044 que
540 3952 627 4022 lacte
645 3951 776 4032 fuerint,
796 3949 971 4020 habebunt.

156 4078 221 4148 Est
239 4085 350 4150 autem
369 4076 554 4160 sciendum,
580 4076 667 4168 quod
684 4098 702 4146 a
721 4082 834 4146 nostra
859 4080 894 4145 et
915 4081 1027 4146 uestra
1051 4084 1145 4168 parte
1164 4077 1249 4150 duo-

64 4205 173 4278 decim
192 4203 344 4276 homines
363 4203 415 4276 uel
434 4203 544 4295 plures
561 4225 622 4294 pro
641 4207 736 4294 parte
750 4200 825 4294 eligi
841 4200 974 4286 debent,
994 4203 1048 4296 qui
1066 4203 1248 4276 iuramento

63 4331 191 4404 astricti
210 4331 311 4400 feuda
331 4337 365 4401 et
383 4327 647 4398 honorificentias
661 4328 746 4398 inter
759 4325 906 4398 homines
920 4327 1115 4402 distribuere
1129 4330 1249 4403 debent

90 4557 118 4628 ¹)
137 4556 265 4613 norun.
659 4549 663 4622 ι
712 4550 741 4618 ²)
759 4550 878 4606 aaran.
