3110 5076
477 383 665 436 Paouroeorou
679 381 786 434 luascu
801 379 860 434 lue.
1182 367 1255 440 185

73 555 241 647 quispiam
254 551 354 636 dieat,
372 553 491 624 collato
505 561 557 624 est
569 555 620 622 eis
632 554 825 645 nepotiano,
845 559 878 622 et
890 553 1038 620 omnium
1057 553 1256 644 emptionem

3 685 4 706 ³
72 678 227 774 sonandi
250 678 419 751 latebant
440 687 654 775 potestatem,
688 685 886 773 superantes
916 699 1045 746 omnem
1077 673 1254 746 moenem.

76 803 144 877 llee
162 809 274 899 ipitur
292 805 433 903 Imperii
449 810 560 878 nostri
577 810 689 902 pietas
706 809 757 876 sir
775 803 975 900 dispensans
993 805 1104 874 sanan
1126 810 1160 874 et
1175 826 1257 898 pre·

3 937 4 958 ³
75 935 166 1028 cipit,
193 933 324 1004 nullam
343 938 395 1006 eis
412 957 602 1031 repupnare
626 944 781 1029 tanquam
806 935 909 1003 realis
927 939 960 1002 et
977 933 1068 1002 neris
1085 929 1258 1002 clementie

3 1081 5 1156 t
75 1069 187 1132 nostre
205 1059 362 1152 (servis),
389 1071 422 1132 et
445 1071 562 1133 eontra
585 1059 696 1132 ltostes
723 1059 1003 1140 menusanum,
1031 1067 1065 1130 et
1087 1081 1195 1153 nsque
1217 1061 1256 1128 in

3 1157 5 1266 l
72 1189 172 1281 poem
199 1188 310 1259 secali
335 1190 418 1260 tales
441 1213 479 1260 se
501 1193 581 1286 fore
602 1187 783 1284 pollicitos,
811 1212 875 1259 nee
898 1211 1095 1284 quemquam
1120 1187 1255 1256 ornnino

3 1269 6 1458 ,
76 1315 195 1388 tolilrss
222 1319 349 1388 senon
373 1320 563 1396 contraria,
593 1317 648 1388 ool
672 1315 888 1409 allepationes
909 1315 1043 1411 olipms
1062 1323 1180 1386 ronna
1199 1335 1256 1383 eos

75 1467 236 1515 ramere
258 1443 452 1515 collatorum
471 1447 523 1514 eis
540 1442 596 1514 loie
611 1447 727 1536 pratia
744 1447 1024 1537 erpasteriorum,
1051 1440 1208 1512 uidelicet
1224 1449 1258 1512 et

3 1581 5 1708 p
75 1571 264 1643 scallor-um.
295 1569 530 1666 Cujsoseunpue
548 1573 638 1642 enim
647 1573 745 1665 juris
762 1569 824 1641 ier
841 1573 921 1651 sint,
940 1573 1013 1642 siae
1026 1568 1256 1650 assumamini,
1277 1612 1279 1623 ·

3 1709 5 1780 l
75 1704 143 1772 sire
154 1701 289 1794 privati
305 1707 365 1770 aut
375 1698 517 1794 publici,
544 1701 617 1770 siue
635 1709 749 1770 sonate
766 1696 896 1780 domus,
921 1698 1034 1768 nullus
1054 1705 1163 1768 tamen
1182 1705 1255 1767 tan·

73 1836 124 1920 pet
140 1851 194 1910 eo,
218 1835 381 1920 possunt
404 1849 494 1896 nuno
512 1830 728 1898 annuntium
741 1825 894 1920 fideliam
911 1823 1125 1897 celsitudinis
1143 1831 1257 1894 nostre

80 1952 316 2034 leoninorum,
336 1962 370 2023 et
380 1951 591 2046 postmodum
607 1959 825 2049 futurorum·
842 1956 1000 2049 quoniam
1012 1951 1149 2022 multam
1164 1951 1256 2021 bersi-

76 2083 251 2153 ooleutiom
278 2091 312 2152 et
336 2091 462 2152 rectam
489 2081 691 2152 uoluntatem
724 2103 806 2172 erpa
834 2079 1015 2176 Imperium
1043 2087 1196 2150 nostrum
1224 2085 1258 2147 st

76 2206 272 2280 llornaniam
286 2208 525 2291 exhibuerunt,
541 2217 573 2277 et
585 2207 673 2276 lona
688 2215 754 2278 toto
768 2207 869 2279 eorde
883 2211 920 2308 iu
929 2216 1131 2304 perpetuum
1144 2205 1256 2276 obser·

75 2357 152 2405 oore
165 2336 382 2430 pollicentur,
401 2345 434 2406 et
452 2359 518 2430 pro
543 2333 692 2406 llomano
712 2335 834 2406 ordine
852 2358 892 2406 aa
912 2335 1081 2406 Cristiono
1100 2343 1257 2429 prompte

70 2485 223 2556 papnore
240 2462 357 2534 uolunt
373 2473 407 2534 et
418 2471 660 2559 protestantur.
693 2461 816 2534 Contra
831 2463 913 2533 tales
927 2466 1020 2534 viros
1032 2465 1109 2557 qais
1125 2467 1256 2531 eontra·

80 2587 180 2671 luet,
214 2599 274 2660 out
290 2595 367 2684 puis
389 2591 551 2686 placitum
571 2590 811 2684 oppredietur?
850 2593 955 2676 (traam
982 2590 1022 2660 ob
1051 2613 1122 2660 rem
1149 2610 1257 2681 neque

78 2727 237 2786 seeremm
272 2715 380 2788 Petrii
415 2729 475 2788 aut
510 2711 695 2809 Mirelei¹),
729 2742 838 2812 nepae
861 2718 1090 2812 familiarium
1117 2716 1255 2810 aliquis,

78 2867 180 2938 neque
207 2847 447 2915 monasterium
474 2848 547 2916 siae
572 2847 728 2939 templum
755 2853 923 2927 sanonum,
952 2845 1074 2939 puilme
1101 2842 1258 2914 videliael

79 2970 191 3042 collata
221 2975 408 3064 erpasteria
434 2971 586 3042 adtineut
612 2983 645 3043 et
671 2975 789 3056 snalla,
824 2983 941 3043 eontra
975 2972 1036 3043 loos
1067 2971 1255 3042 usooebuat.

80 3097 185 3170 Erunt
207 3108 318 3169 onum
341 3099 478 3170 silentes
497 3109 530 3170 et
547 3103 583 3171 in
603 3099 852 3196 dispensatione
870 3110 903 3170 et
927 3099 1013 3170 dono
1040 3099 1256 3171 sublimitatus
1279 3081 1284 3091 ¹

81 3235 183 3296 nostre
208 3229 376 3298 ueraciter
396 3236 665 3321 perseverantes.
696 3225 739 3299 Si
756 3231 845 3297 enim
863 3227 1020 3318 (autem),
1048 3250 1113 3322 que
1140 3233 1257 3295 nostra

83 3351 326 3436 nocentum,
340 3351 454 3446 dipnis
468 3359 622 3448 uramara
636 3379 703 3426 non
716 3355 895 3448 larpimur,
910 3379 971 3425 seu
981 3355 1129 3426 viriliter
1138 3376 1255 3448 opera-

82 3483 118 3550 tis
127 3491 158 3551 et
174 3481 324 3552 oio-iliter·
333 3485 471 3576 operari
478 3481 753 3564 accelerantibus,
761 3481 882 3576 quibus
891 3505 1037 3576 uuquam
1044 3479 1256 3574 larpiemur?

84 3604 128 3676 llo
143 3617 283 3703 propter
307 3606 520 3677 donabuntur
543 3608 738 3679 collatorum
757 3609 978 3680 immobilium
996 3612 1072 3679 sine
1090 3606 1257 3677 ablatione

83 3741 111 3802 et
125 3737 337 3829 infestatione
355 3759 378 3803 a
395 3733 491 3806 modo
504 3757 572 3828 per
590 3759 704 3806 omnes
722 3745 755 3805 et
772 3735 930 3806 assiduos
948 3759 1055 3805 annos
1072 3733 1257 3804 occandum

5 3869 8 3928 t
84 3860 404 3956 comprehensionem
417 3863 567 3956 practici
578 3861 698 3931 luorum
712 3861 918 3943 traditionis,
934 3861 1024 3956 quod
1036 3865 1087 3932 eis
1105 3864 1258 3956 componi

84 3985 170 4058 daim
186 4013 208 4058 a
220 3995 321 4083 proto
338 3991 485 4083 antipate
504 3985 650 4082 Georpio
665 3999 698 4060 et
709 3993 841 4060 notorio
853 3999 966 4060 nostre
979 3993 1172 4060 serenitatis
1186 3989 1256 4059 Ma·

85 4111 229 4196 clitorio,
244 4115 335 4208 quod
346 4123 379 4184 et
386 4117 523 4208 firmum
532 4119 600 4186 erit
612 4124 645 4185 et
656 4115 775 4186 stabile
789 4126 886 4211 atque
900 4117 1095 4188 inviolabile
1105 4119 1141 4188 in
1152 4119 1257 4188 omui·

87 4237 149 4322 ou,
167 4265 231 4336 qne
249 4246 287 4312 in
306 4265 345 4311 eo
363 4243 630 4312 continebuntur.
660 4241 815 4338 Idemque
834 4243 929 4314 debet
943 4247 980 4314 iu
999 4245 1069 4315 illa
1087 4245 1259 4316 substerni

87 4373 230 4451 remens,
259 4369 445 4469 inquibus
470 4377 502 4440 et
519 4393 664 4464 prooem
693 4374 803 4442 nostri
823 4380 1008 4467 potestatum
1027 4372 1258 4444 substernetur

112 4589 281 4666 ¹]lliloroi
301 4597 349 4652 bP.
