3120 5078
412 391 520 445 Currus
533 387 738 443 Cunouruunuu
752 385 931 440 Faunorum.
1191 368 1267 440 299

68 561 257 634 dormiente
276 569 311 632 et
330 561 512 654 gestiente,
541 559 653 630 urbem
673 558 854 628 lucrantur.
884 553 978 624 'l'uue
996 549 1158 622 lllurtillez
1178 549 1268 620 exei-

68 695 161 761 tatur
180 695 216 759 et
236 711 310 760 cum
337 687 488 760 comitiva
514 687 584 756 lere
609 685 708 755 trium
734 681 865 752 millium
892 685 1093 751 armatorum
1112 677 1154 748 de
1174 699 1268 748 mane

68 817 208 886 ueniens
220 815 261 885 ad
273 813 486 885 insistendum
496 809 656 882 Balduino
667 817 701 880 et
710 809 816 904 ipsum
825 806 1026 901 lugandoin
1036 826 1101 898 quo
1111 801 1268 874 oonllietu

66 939 314 1013 blurtilleueum
329 939 414 1011 Xllll
424 937 578 1008 militibus
588 937 733 1030 capitum
745 934 930 1006 etlereduo
938 931 1021 1002 milia
1030 931 1071 1001 de
1078 929 1146 1000 suis
1155 927 1267 1022 gladio

72 1068 280 1150 cecideruut,
290 1066 470 1162 pluresque
481 1087 595 1135 eorum
606 1063 647 1134 ad
658 1062 776 1134 domus
786 1058 1081 1133 eorumredierunt
1090 1054 1265 1150 lugieudo.
1318 1091 1323 1100 ·

166 1193 263 1265 Tune
280 1200 372 1266 totus
397 1191 539 1286 populus
559 1187 959 1283 Constantinopolitanae,
983 1183 1175 1255 Bulduiuum
1195 1184 1269 1253 fore

67 1321 331 1415 imperatorem,
360 1323 515 1412 optantes
542 1316 737 1388 clamabant.
783 1313 843 1385 Illo
878 1313 910 1385 in
940 1317 1092 1405 tempore
1121 1308 1267 1392 Alexim,

65 1449 175 1518 trater
203 1447 337 1528 Crisuc,
364 1445 418 1538 qui
443 1449 539 1514 antea
565 1443 625 1513 sibi
651 1463 809 1515 eoronam
833 1443 1067 1534 usurpaverat,
1092 1442 1268 1530 postquam

65 1574 206 1644 fratrem
230 1595 325 1644 suum
350 1572 586 1666 Imperatorem
611 1574 848 1640 excaecaverat
867 1573 902 1637 et
920 1565 963 1636 de
981 1563 1065 1635 urbe
1085 1563 1266 1657 expulerat,

67 1701 170 1771 etiarn
194 1701 225 1772 vi
251 1721 418 1771 armorum
439 1695 760 1790 Constantinopolim
783 1693 895 1764 intrat.
923 1692 969 1762 At
992 1688 1173 1762 Balduinus
1192 1711 1268 1759 eum

66 1827 137 1897 suis
162 1825 206 1898 ad
234 1849 353 1898 novum
379 1823 567 1895 eoullietum
595 1829 713 1895 eontra
732 1821 881 1891 Graecos
906 1841 943 1889 se
969 1817 1114 1909 disponit
1141 1815 1267 1886 baben-

67 1951 158 2022 dum.
193 1949 325 2022 Alexius
350 1949 504 2044 palatium
529 1949 630 2020 intrat
655 1954 690 2018 et
715 1953 877 2042 occupat,
905 1951 940 2016 et
962 1965 1040 2039 pars
1066 1965 1129 2013 unu
1157 1945 1264 2015 Grae-

66 2099 186 2149 corum
211 2076 253 2148 ud
271 2078 379 2148 torum
403 2076 508 2148 currit
526 2081 562 2146 et
579 2080 734 2169 occupet,
758 2097 800 2145 no
820 2071 935 2144 Veneti
954 2075 988 2142 et
1007 2069 1126 2141 Franci
1145 2069 1265 2140 ibidem

64 2205 194 2275 intrare
226 2201 368 2275 ualeant.
403 2203 518 2274 Altera
555 2225 635 2273 vero
671 2225 750 2296 pars
786 2201 828 2271 ad
863 2221 976 2270 muros
1007 2197 1100 2268 urbis
1133 2197 1266 2279 radunt,

65 2337 105 2402 ut
130 2329 383 2424 propugnacula
410 2351 577 2421 occupare
602 2336 638 2398 et
660 2327 786 2399 babere
807 2327 952 2409 ualeant,
980 2331 1014 2394 et
1033 2325 1131 2395 etiam
1150 2330 1265 2417 portas

68 2455 224 2528 civitatis.
245 2455 433 2550 Sperabaut
447 2457 545 2539 euim,
561 2455 707 2526 Venetos
726 2461 761 2526 et
774 2457 931 2536 Frauem,
947 2473 990 2522 eo
1006 2449 1096 2543 quod
1110 2451 1143 2519 in
1161 2471 1265 2543 paruo

68 2588 169 2654 eraut
192 2603 343 2664 numeru,
369 2581 472 2652 lusisse
497 2581 681 2665 uecordes,
709 2585 744 2651 et
769 2579 858 2673 quod
881 2585 1000 2673 sponte
1025 2601 1062 2648 se
1086 2576 1268 2646 redderent

66 2708 197 2780 Alexio.
228 2705 302 2777 Nou
316 2711 425 2778 autem
440 2709 489 2778 sie
507 2715 592 2792 erut,
611 2715 649 2780 ut
667 2706 862 2802 sperabant;
892 2726 966 2775 nam
984 2703 1089 2774 nostri
1109 2702 1268 2774 audacter

66 2833 214 2928 ingressi
234 2840 312 2904 sunt
329 2833 440 2904 lorum
459 2857 625 2928 magnum,
650 2833 806 2905 lecerunt
824 2831 959 2903 eaedem
979 2830 1195 2913 Graecorum,
1221 2829 1267 2900 ita

68 2959 161 3055 quod
189 2957 323 3030 Alexius
354 2961 488 3052 cogitur
519 2959 702 3031 ascendere
730 2981 859 3042 muros,
892 2963 930 3029 ut
957 2979 1031 3028 eum
1059 2957 1121 3027 illis
1148 2957 1267 3028 ibidem

68 3085 287 3157 existentibus
319 3085 426 3156 valeat
457 3085 608 3158 obtinere
634 3091 749 3180 portas
774 3083 915 3154 ciuitatis
944 3089 978 3154 et
1003 3084 1263 3178 propugnacula.

69 3213 142 3283 lloe
161 3211 323 3283 Balduino
339 3211 492 3294 innotuit,
508 3211 597 3303 quod
612 3211 745 3282 Alexius
760 3233 873 3282 murus
888 3208 1047 3282 ascendit.
1067 3211 1115 3282 Ea
1131 3218 1271 3305 propter

69 3337 233 3432 llamiugi
252 3359 326 3408 eum
346 3335 481 3408 Francis
501 3359 615 3410 muros
634 3361 708 3410 eum
727 3337 826 3409 scalis
845 3336 1046 3419 ascendunt,
1074 3359 1270 3432 propugna-

70 3465 146 3535 eula
170 3465 200 3534 vi
228 3465 381 3557 aperiunt
406 3472 441 3537 et
467 3464 615 3536 Alexium
643 3465 763 3558 lugere
790 3471 939 3557 cogunt,
967 3462 1022 3556 qui
1047 3462 1088 3532 ad
1116 3462 1269 3556 palatium

69 3591 203 3684 lugiens
221 3590 340 3660 ibidem
361 3594 623 3686 campanense
643 3592 784 3685 excepit.
813 3590 927 3661 Plures
947 3611 1029 3660 uero
1050 3590 1266 3675 Graecorum,

71 3716 125 3809 qui
145 3715 395 3809 propugnacula
415 3740 583 3788 murorum
602 3717 846 3802 custodiebant,
868 3715 997 3810 quidam
1015 3717 1267 3801 interficiuntur,

71 3842 203 3936 qnidam
230 3841 272 3912 de
297 3842 460 3914 nobilibus
486 3845 677 3938 capiuntur3
704 3845 835 3939 quidam
854 3865 932 3914 vero
957 3843 1063 3914 libere
1081 3844 1171 3914 abire
1189 3865 1270 3938 per-

72 3971 258 4052 mittuntur,
283 3969 529 4060 promittentes,
558 3977 677 4041 eontra
700 3969 845 4042 Venetos
871 3976 907 4039 et
930 3970 1078 4042 Francos
1097 3967 1184 4041 bona
1203 3968 1269 4040 lide

72 4117 164 4167 arma
183 4117 222 4165 se
241 4115 307 4164 nou
326 4099 530 4188 portaturos.

161 4219 278 4292 Nostri
307 4243 387 4292 vero
422 4219 662 4317 advesperante
683 4222 754 4316 jam
779 4220 832 4292 die
860 4243 948 4293 arma
978 4223 1058 4293 lessi
1087 4221 1268 4314 deponunt,

73 4348 114 4419 dc
133 4349 262 4420 assultu
287 4347 483 4442 palatiorum
507 4349 540 4420 in
564 4350 741 4420 crastiuum
765 4349 951 4420 tractaturi.
980 4349 1164 4442 Imperator
1188 4371 1268 4418 vero

76 4475 229 4559 Alexim,
260 4476 318 4569 qui
347 4497 365 4546 a
393 4477 494 4546 muris
522 4483 711 4547 secesserat
740 4483 774 4546 et
802 4477 834 4546 in
863 4475 1016 4569 palatium
1044 4475 1201 4568 fugiendo
1231 4497 1268 4545 se

77 4607 271 4695 exceperat,
297 4625 396 4687 suos,
422 4625 506 4697 quos
532 4602 662 4686 babuit,
689 4601 872 4696 recolligit,
898 4601 991 4672 etad
1012 4601 1191 4672 erastinum
1210 4623 1269 4672 eos
