3110 5076
326 353 403 427 214
613 365 741 423 Oonnaor
755 383 837 424 nnsis
850 367 999 422 Hrnaoson.
1013 383 1211 422 oonsrnnnrro.
1305 377 1309 382 ·

324 545 421 632 atque
440 537 691 610 corroboramus
710 539 802 610 vobis
820 537 974 635 predictis
993 539 1109 632 legatis
1128 541 1256 632 integre
1274 545 1394 619 totum,
1415 537 1495 631 quod

324 665 355 736 in
374 667 461 760 Tyro
489 671 524 737 et
548 665 619 760 ejus
644 667 845 762 pertinentiis
865 667 957 738 robis
976 667 1025 736 vel
1045 673 1154 738 vestro
1174 667 1302 737 comuni
1327 663 1496 745 concessit,

324 794 408 865 sicot
434 796 465 864 in
492 795 662 891 privilegio
691 795 905 891 prenominati
934 793 1052 866 domini
1080 792 1290 864 Wuarmundi
1317 789 1497 888 patriarche

326 922 522 994 continetur.

412 1051 448 1120 ln
465 1049 599 1122 Accone
617 1055 651 1122 et
668 1049 868 1121 Jerosolimis
889 1055 923 1122 ct
940 1047 1072 1143 reliquis
1091 1048 1272 1120 civitatibus
1290 1046 1385 1140 regni
1404 1047 1496 1117 lero-

324 1175 507 1259 solimitani‚
531 1197 604 1248 cum
623 1175 727 1247 divina
747 1175 916 1248 clementia
936 1175 977 1246 ad
995 1197 1107 1246 manus
1127 1173 1382 1245 Christianorum
1402 1172 1496 1243 deve-

324 1304 447 1386 nerint,
473 1301 681 1374 concedimus
706 1309 740 1373 et
769 1304 994 1375 confirmamus
1018 1307 1115 1397 atque
1140 1301 1393 1372 corroboramus
1410 1298 1497 1370 vobis

324 1429 512 1524 prescriptis
530 1429 648 1522 legatis
667 1429 795 1523 integre
814 1429 890 1500 illud
909 1436 1014 1500 totum
1028 1435 1061 1499 et
1080 1429 1148 1498 sine
1162 1427 1267 1524 aliqua
1282 1426 1496 1508 diminutione,

324 1555 412 1652 quod
430 1556 461 1626 in
481 1555 595 1627 eodem
613 1555 784 1651 privilegio
805 1555 925 1627 domini
944 1553 1155 1626 Wunrmundi
1173 1553 1358 1648 patriarche
1376 1552 1496 1624 descri-

245 1752 249 1766 ,
322 1681 425 1764 hitur;
445 1683 589 1775 prefatas
608 1681 766 1777 siqnidem
785 1690 915 1754 nostras
935 1681 1095 1766 dationes,
1122 1681 1352 1752 concessiones
1371 1687 1405 1752 et
1424 1701 1497 1750 cor-

322 1809 552 1881 roborationes
578 1809 610 1879 in
635 1817 827 1904 perpetuum
845 1809 1010 1882 habendas
1029 1817 1062 1880 et
1080 1807 1238 1879 tenendas
1258 1813 1292 1878 et
1306 1809 1385 1901 jure
1402 1805 1495 1878 here·

323 1933 438 2006 ditario
463 1933 678 2032 possidendas
697 1936 788 2007 vobis
813 1934 1043 2030 recipientibus
1064 1958 1127 2030 pro
1147 1934 1373 2030 prenominato
1394 1933 1495 2004 dureo

322 2062 479 2156 Magistro
499 2063 599 2134 Petro
624 2086 708 2133 nunc
728 2063 819 2134 Duce
838 2061 973 2134 Venetie
997 2068 1031 2132 et
1055 2062 1127 2154 ejus
1151 2061 1399 2132 successoribus
1419 2083 1495 2130 con·

322 2191 496 2275 cessimus,
524 2189 780 2262 confirmavimus
800 2197 833 2262 et
851 2191 1085 2271 innovavimus,
1113 2190 1197 2259 sicut
1215 2189 1247 2256 ln
1266 2185 1384 2259 eodem
1402 2187 1495 2281 privi-

321 2316 408 2412 legio
423 2317 544 2388 domini
558 2317 770 2389 Wuarmundi
788 2315 973 2413 patriarche
988 2316 1182 2388 continetur.
1204 2313 1248 2384 Et
1260 2320 1297 2384 ut
1315 2315 1377 2384 hec
1391 2318 1495 2384 nostra

321 2446 507 2529 concessio,
531 2445 734 2516 confirmatio
761 2450 795 2515 et
818 2445 980 2515 innovatio
999 2443 1089 2513 tirma
1110 2449 1143 2512 et
1165 2441 1286 2511 illibata
1306 2441 1392 2511 omni
1417 2448 1494 2511 tem·

319 2593 402 2664 pore
416 2577 575 2655 servetur,
595 2571 746 2668 nullaque
760 2593 858 2666 super
876 2570 926 2642 his
945 2570 1050 2642 valeat
1068 2567 1227 2664 pullulare
1245 2567 1404 2650 dubietas,
1422 2590 1494 2660 pre·

320 2704 447 2769 sentem
479 2697 630 2793 paginam
656 2697 794 2769 testibus
823 2694 1014 2791 subscriptis
1043 2703 1076 2768 et
1103 2693 1200 2788 sigilli
1228 2695 1332 2764 nostri
1362 2691 1493 2787 plumbei

320 2824 532 2918 impressione
546 2827 703 2920 jussimus
722 2827 922 2897 communiri.
951 2823 1055 2918 llujus
1074 2821 1124 2893 rei
1142 2827 1245 2892 testes
1264 2826 1342 2890 sunt

411 2949 567 3023 Dominus
584 2951 735 3022 Balianus
755 2951 796 3022 de
814 2950 960 3033 lbellino,

410 3077 565 3148 Dominus
583 3077 657 3172 Ugo
677 3076 878 3172 Tyberiadis,

411 3203 568 3275 Dominus
587 3203 761 3276 Rainaldus
779 3203 935 3298 Sydonie

410 3330 567 3402 Dominus
585 3334 734 3426 Paganus
754 3331 795 3402 de
813 3330 955 3424 Caypha,

410 3455 553 3528 Obertos
571 3455 695 3552 Nepos,
715 3457 922 3529 senescalcus
941 3457 1060 3528 domini
1078 3457 1286 3542 hlarcbionis,

410 3581 609 3655 Wualterius
627 3583 746 3666 Durus,
765 3585 981 3656 marescalcus
1001 3583 1121 3655 domini
1139 3584 1346 3664 hlarcbionis‚

409 3709 496 3781 Atho
517 3711 557 3781 de
576 3709 732 3796 Valentia,
753 3711 947 3782 castellanus
965 3712 1055 3804 Tyri,

409 3837 597 3907 Bernardus
617 3837 754 3933 Templi,
774 3839 956 3910 vicecomes
975 3839 1063 3933 Tyri,

336 3949 341 3954 ¹
411 3969 445 4033 et
462 3963 619 4036 Henricus
639 3963 679 4034 de
699 3964 856 4047 Cannelli,
876 3965 1072 4036 camerarius
1090 3967 1210 4036 domini
1229 3963 1429 4037 hlarcbionis.

409 4087 493 4160 Acta
510 4097 585 4160 sunt
604 4089 664 4161 hec
678 4091 710 4160 in
725 4091 903 4162 obsedione
916 4090 1069 4175 Acconis,
1091 4091 1251 4163 dominice
1270 4085 1487 4164 incarnationis

320 4238 404 4286 anno
416 4215 582 4288 millesimo
593 4218 770 4290 centesimo
780 4217 992 4311 nonagesimo
1003 4219 1147 4291 secundo
1156 4213 1200 4311 ¹),
1215 4219 1390 4292 indictione
1400 4237 1485 4288 nona.

346 4569 375 4642 ¹)
393 4569 457 4638 leg.
475 4567 557 4641 prim
567 4587 599 4632 o,
618 4570 667 4625 nisi
680 4570 748 4626 alius
760 4573 898 4643 computus
910 4573 997 4627 locum
1010 4571 1139 4628 hahuerit.
