3130 5082
386 367 565 426 Ὶιιιιτοιιιιι
578 369 689 426 Perseus
703 383 732 424 ιιι
748 369 838 424 Srnrn
853 383 971 424 consus.
1222 357 1272 432 77

76 541 168 625 rico,
197 563 260 635 pro
285 541 390 612 anima
414 539 608 634 Raymundi,
633 539 683 611 ari
702 540 782 623 mei,
806 561 869 610 nec
894 562 959 610 non
983 545 1017 610 et
1043 542 1144 635 patris
1169 533 1270 634 mei¹)

75 667 271 751 Bertrandi,
297 675 331 738 et
348 669 459 738 matris
479 691 566 750 mee,
592 673 628 738 ut
647 668 728 737 deus
748 667 941 736 misereatur
960 666 1103 751 illorum,
1129 674 1163 738 et
1181 675 1275 740 actus

78 817 173 865 meos
193 793 359 886 disponat,
380 799 414 864 et
432 801 508 888 post
528 795 650 866 obitum
667 793 802 863 animam
817 813 923 863 meam
938 776 979 862 ad
995 792 1117 864 celeste
1136 817 1275 886 regnum

78 919 252 1014 perducat,
272 918 329 990 tali
348 919 572 1004 condictione,
598 925 633 991 ut
655 927 817 1014 perpetuo
842 917 1032 1013 provisores
1052 920 1157 989 sancti
1176 919 1276 990 llarci

78 1048 183 1141 ipsam
196 1046 341 1118 habeant
356 1051 389 1116 et
401 1045 604 1142 possideant,
624 1070 697 1126 cunr
713 1045 861 1116 omnibus
877 1045 1014 1116 cameris
1028 1041 1275 1140 interioribus²)

81 1181 114 1246 ct
133 1173 372 1256 exterioribus,
396 1179 521 1244 etcum
541 1173 611 1244 aliis
629 1175 839 1268 pertinenciis
859 1173 919 1256 ita,
947 1179 982 1243 ut
1007 1195 1078 1243 eam
1103 1171 1276 1267 disponant

80 1309 114 1372 et
131 1291 291 1393 regent³)
311 1298 353 1370 ad
372 1300 542 1372 utilitatem
561 1301 703 1372 ecclesie
721 1301 825 1372 sancti
845 1299 968 1372 llarcbi
987 1298 1140 1370 Venecie.

170 1427 209 1496 Si
228 1433 335 1498 autern
354 1427 418 1500 ullu
438 1449 581 1521 persono
595 1427 679 1498 bano
694 1427 902 1498 donationem
921 1423 1103 1511 abstrderit,
1123 1428 1203 1498 irarn
1223 1429 1276 1500 dei

80 1555 239 1636 incurrat,
260 1552 367 1624 donee
385 1553 461 1624 inde
478 1554 521 1624 ad
541 1555 797 1625 satisfactionem
816 1552 1042 1647 provisoribus
1057 1555 1162 1624 sancti
1176 1555 1278 1625 llarci

81 1679 227 1749 Venecie
251 1671 475 1772 perveniat⁴);
502 1685 536 1750 et
553 1681 688 1774 pariter,
714 1681 857 1775 siquem
881 1681 1031 1773 injuriam
1052 1681 1097 1751 eis
1119 1682 1277 1752 velcon·

1 1799 2 1844 3
81 1806 288 1876 trarietatern
307 1806 463 1876 intulerit.

174 1931 315 2026 Signum
348 1932 454 2002 Pontii
483 1933 674 2028 Tripolitani
711 1934 855 2018 comitis,
890 1935 943 2030 qui
971 1934 1055 2028 banc
1083 1934 1275 2028 scripturam

83 2059 272 2132 donationis
290 2059 360 2130 lieri
375 2059 486 2152 jussit.

177 2186 318 2278 Signum
336 2177 509 2278 Rogerii⁸)
530 2185 794 2259 conestebrdarii.

177 2311 317 2405 Signum
335 2312 424 2383 Petri
444 2313 485 2382 de
503 2313 606 2384 Podio
625 2312 803 2383 Laurentii.

176 2440 315 2533 Signum
335 2439 513 2532 llayrnundi
533 2439 681 2534 dapiferi.

177 2569 279 2638 Facta
313 2573 364 2638 est
397 2565 459 2638 he'c
493 2567 675 2661 scripturo,
709 2563 828 2636 domno
864 2563 1033 2636 bernardo
1069 2566 1282 2660 episcopante

1 2747 2 2750 ι
85 2690 226 2787 Tripoli.

178 2821 236 2892 lsti
261 2825 378 2892 omnes·
403 2821 578 2916 prescripti
606 2819 704 2912 hujus
731 2824 835 2890 testes
863 2809 938 2890 sunt
967 2811 1094 2911 doni⁶),
1123 2825 1284 2914 regnante

88 2943 289 3039 balduino&
309 2969 391 3041 rege
409 2947 602 3018 Jerusalem.

248 3232 425 3316 'ltceplllus
441 3232 527 3309 lene,
542 3231 719 3296 teretem
735 3231 845 3315 prinus
862 3232 892 3296 ln
909 3231 994 3314 Syrte
1010 3231 1123 3296 consul.

614 3347 645 3400 Α.
659 3347 683 3400 d.
698 3347 778 3400 1117.

180 3447 309 3512 blarco
343 3447 367 3510 F
376 3447 546 3511 oscarini
584 3447 662 3512 della
703 3447 879 3511 letteratura
913 3445 1082 3510 Veneriano
1119 3445 1188 3508 libri
1222 3450 1284 3508 otto

91 3579 120 3641 p.
140 3554 194 3634 14,
214 3557 255 3622 15
274 3555 339 3643 (ed.
355 3578 421 3620 nor.
436 3557 533 3628 1854,
550 3557 596 3630 4⁰,
613 3579 643 3642 p.
660 3555 738 3644 25):
763 3557 853 3633 ,one
867 3557 998 3622 sebbene
1014 3558 1040 3620 it
1049 3556 1109 3642 pile
1124 3555 1235 3619 rimoto
1252 3554 1288 3618 di

93 3666 196 3752 questi
210 3663 418 3750 (documenti)
442 3667 492 3731 sio
511 3687 555 3729 un
571 3673 703 3730 trattcto
720 3665 774 3729 del
787 3647 873 3728 mille
889 3671 978 3730 cento
998 3669 1221 3728 sescentosette
1238 3664 1289 3727 col

91 3775 247 3861 Principe
271 3775 307 3838 di
325 3775 515 3854 Antiochin,·
541 3776 588 3840 cid
617 3797 680 3839 non
703 3774 862 3838 ostante'i
885 3773 1060 3842 Correolati,
1087 3771 1146 3835 ebe
1169 3773 1286 3853 furono

93 3883 202 3948 sedni
222 3883 415 3948 eominciare
436 3886 587 3971 alquanto
602 3883 711 3970 primu
735 3883 819 3946 nette
837 3883 925 3946 cocle
942 3881 1016 3945 dett'
1033 3881 1172 3954 Oriente,
1185 3883 1286 3962 fanno

2 4061 3 4076 χ
90 4013 194 4077 proca
213 3991 244 4054 d'
259 3992 383 4079 origine
397 3993 458 4080 piis
478 3993 670 4058 ontion“.—-
692 3992 730 4054 Et
742 3992 772 4054 in
786 3997 853 4052 nota
867 3989 925 4052 25:
943 4011 994 4054 mn
1007 3989 1033 4054 il
1043 3992 1125 4071 fatto
1138 3991 1286 4053 doncora

2 4708 12 5069 l

93 4103 149 4190 piis
165 4101 334 4186 manifesto
351 4103 385 4165 in
401 4102 557 4185 Tcofito
575 4102 688 4172 Zeno,
706 4099 775 4165 obe
791 4098 1094 4163 amministrasse
1110 4097 1149 4161 in
1165 4097 1287 4162 Sorte

120 4299 148 4370 Ι)
168 4299 229 4353 mei
241 4298 354 4369 margini
368 4297 492 4352 additum.
742 4295 770 4368 ⁵)
791 4293 948 4364 llotgsrii
963 4291 1039 4348 Corn.

120 4388 488 4462 ¹)interioribusCorn.
743 4386 771 4459 Ι)
792 4401 922 4457 prsscr.
937 4385 1017 4438 test.
1037 4387 1116 4438 sunt
1136 4381 1288 4439 donatio·

119 4477 148 4551 ⁸)
167 4481 308 4550 regnant
321 4478 399 4534 Corn.
790 4476 841 4530 nis
855 4475 932 4530 Corn.

120 4569 149 4640 ⁴)
167 4569 435 4642 pervenietGorn.
743 4565 772 4639 ι’)
792 4565 963 4621 Baudoino
978 4564 1057 4620 Corn.
1074 4625 1077 4628 ,
