3130 5078
104 467 109 477 ,
250 395 327 468 506
555 408 697 464 Danuuusr
710 409 808 464 iuras.
822 423 913 462 nrrsr.
927 425 965 462 sn
977 407 1075 466 innoc.
1088 411 1131 466 iil.

338 577 447 650 Nocte
478 579 581 672 igitur
611 579 794 671 insequenti
827 578 992 649 domiuum
1024 604 1118 652 sunm
1150 582 1292 652 latenter
1324 579 1445 674 laqueo

248 708 390 779 suffocat
404 709 436 778 in
452 730 598 790 carcere,
617 729 690 777 cunm
703 729 768 799 quo
783 707 853 799 ipsa
869 705 921 776 die
935 709 1105 800 prandium
1125 679 1309 802 sumpserat
1323 709 1446 794 Judae,

250 839 285 902 et
297 833 388 904 clava
403 835 525 915 ferrea,
546 856 642 926 quam
654 833 788 902 tenebat
800 833 833 901 in
848 853 956 916 manu,
975 833 1078 906 latera
1093 837 1260 907 morientis
1275 843 1309 907 et
1329 841 1446 907 costas

248 959 392 1032 inaudita
421 961 617 1033 erudelitate
646 963 841 1056 confringit,
875 985 1021 1056 casuque
1048 966 1163 1049 vitam,
1198 987 1294 1058 quarn
1324 965 1445 1055 laqueo

249 1095 445 1171 extorserat,
472 1089 631 1183 contingit
657 1071 816 1183 ereptam,
843 1111 882 1161 ac
901 1090 1057 1185 imperiali
1078 1092 1246 1186 sepultura
1267 1115 1444 1172 concessa,

249 1215 452 1308 propalatum
474 1216 622 1286 omnibus
642 1216 750 1286 scelus
768 1216 893 1286 funeris
911 1217 1039 1288 honore
1058 1217 1248 1288 dissimulat

339 1341 396 1412 Sic
411 1341 506 1412 nobis
520 1341 623 1412 biems
642 1348 712 1414 tota
727 1343 908 1436 perficitur,
928 1344 1035 1416 doneo
1050 1345 1186 1416 naribus
1206 1345 1330 1416 nostris
1344 1343 1446 1414 scalis

207 1549 210 1556 ,
248 1469 369 1560 aptatis
389 1475 422 1538 et
441 1469 665 1540 instrumentis
690 1469 815 1540 bellicis
834 1473 1057 1564 praeparatis,
1086 1495 1147 1543 nos
1167 1479 1201 1542 et
1218 1478 1334 1543 nostra
1352 1473 1446 1540 reei-

249 1595 377 1690 pientes
408 1598 441 1665 in
464 1596 617 1680 navibus,
645 1596 683 1667 V.
703 1597 779 1668 ldua
803 1597 942 1691 Aprilis,
968 1599 1033 1670 boc
1061 1609 1113 1672 est
1139 1601 1221 1671 teria
1247 1605 1340 1670 serta
1364 1605 1445 1669 ante

252 1723 438 1814 passionem
457 1723 604 1806 Domini,
640 1723 836 1794 unanimiter
862 1749 924 1818 pro
952 1726 1081 1796 honore
1109 1733 1246 1800 sanctae
1273 1729 1446 1798 Romanae

250 1847 420 1920 Ecclesiae
440 1855 474 1920 et
492 1849 708 1920 subventione
728 1851 852 1920 Terrae
872 1856 1025 1934 sanctae,
1052 1851 1153 1921 navali
1173 1850 1297 1944 praelio
1317 1850 1446 1920 invadi-

251 1998 322 2044 mus
342 1976 518 2058 civitatem,
545 1985 579 2046 et
598 1999 635 2046 ea
657 1974 721 2058 die,
746 1975 882 2067 [noel]
908 1978 978 2046 sine
997 1975 1099 2048 multo
1118 1983 1228 2048 tamen
1252 1983 1446 2046 nostrornm

249 2103 427 2195 sanguine,
456 2103 574 2174 luimus
592 2109 683 2174 tanta
702 2105 868 2197 perpessi,
896 2110 933 2174 nt
957 2105 1094 2174 inimicis
1119 2105 1242 2175 nostris
1261 2105 1293 2173 in
1314 2126 1444 2196 oppro-

249 2229 354 2298 brium
368 2234 585 2310 verteremur,
606 2252 743 2322 quorum
759 2252 799 2300 ea
813 2229 866 2298 die
884 2253 962 2322 pars
979 2229 1041 2300 fuit
1059 2253 1119 2324 per
1137 2235 1255 2300 cuncta
1274 2229 1444 2322 superior,

249 2355 333 2426 adeo
353 2361 389 2424 ut
414 2360 522 2426 tracta
541 2357 573 2424 in
592 2363 715 2426 terram
735 2357 871 2426 Graecis
891 2355 1166 2450 compelleremur
1190 2355 1308 2426 bellica
1327 2361 1444 2426 nostra

248 2480 505 2552 machinamenta
531 2481 718 2574 relinquere
747 2487 781 2552 et
811 2481 934 2552 inlecto
964 2483 1102 2574 negotio
1131 2482 1173 2552 ad
1201 2483 1305 2575 ripam
1332 2482 1445 2552 redire

250 2629 449 2702 cogeremur
475 2607 661 2691 adversam,
689 2631 727 2678 ea
751 2609 822 2691 die,
848 2614 885 2678 ut
909 2608 1092 2690 videbatur,
1120 2607 1277 2678 inutiliter
1300 2608 1444 2700 fatigati.

251 2731 445 2804 conturbati
465 2755 548 2825 ergo
568 2733 738 2826 plurimum
760 2740 793 2804 et
812 2734 1000 2816 conterriti,
1026 2734 1084 2804 sed
1104 2733 1232 2803 demum
1251 2735 1282 2802 in
1302 2733 1445 2804 Domino

249 2863 416 2948 roborati,
446 2863 579 2934 definito
607 2860 744 2932 consilio
769 2883 883 2930 rursus
909 2861 1128 2930 instauramur
1152 2859 1195 2930 ad
1219 2881 1382 2954 pugnam,
1410 2866 1447 2930 et

251 2999 368 3080 quarto
383 2990 447 3074 die,
467 2990 506 3060 11.
523 2989 598 3060 ldus
613 2987 746 3081 Aprilis,
760 2987 824 3056 boc
839 2991 892 3056 est
904 2987 986 3056 seria
1002 2986 1147 3056 secunda
1162 2993 1241 3079 post
1254 2987 1444 3078 passionem

250 3115 378 3186 Domini
398 3117 498 3186 flante
516 3117 618 3185 borea
637 3137 751 3183 rursus
767 3112 967 3206 applicamur
986 3111 1028 3182 ad
1046 3135 1171 3195 muros,
1198 3113 1297 3182 scalis
1316 3115 1448 3183 navium

253 3242 350 3313 scalis
369 3244 507 3314 turrium
528 3239 709 3334 applicatis,
730 3261 804 3310 cum
823 3237 924 3308 multo
944 3237 1060 3308 labore
1074 3245 1277 3320 nostrorum,
1298 3239 1447 3332 permul-

253 3375 322 3440 tum
340 3367 572 3441 resistentibus
592 3367 740 3440 Graecis.
1293 3345 1296 3348 ¹

342 3495 409 3568 Sed
429 3519 467 3565 er
486 3517 551 3586 quo
573 3493 722 3564 eominus
747 3491 876 3587 gladios
901 3513 1037 3562 sensere
1063 3497 1272 3574 nostrornm,
1301 3513 1368 3562 non
1390 3491 1448 3563 diu

250 3620 326 3691 belli
347 3643 468 3714 anceps
487 3620 616 3690 duravit
630 3623 778 3688 eventus.
804 3619 897 3688 Duae
917 3615 1076 3709 siquidem
1095 3639 1195 3687 nares
1210 3617 1334 3710 pariter
1349 3617 1448 3686 colli-

252 3753 362 3840 gatae,
383 3771 467 3840 quae
486 3753 620 3816 nostros
640 3745 829 3838 episcopos,
848 3743 1124 3814 Suessionensem
1143 3743 1293 3813 videlicet
1312 3749 1346 3812 et
1360 3745 1449 3813 ‘lbe-

252 3897 402 3955 eensem,
431 3873 640 3954 deferebant,
668 3895 803 3965 quarum
823 3877 917 3941 erant
941 3871 1080 3962 insignia
1099 3869 1273 3940 Paradisus
1292 3875 1326 3939 et
1342 3871 1450 3940 Pere-

251 4001 364 4093 grina,
394 4001 518 4091 primae
546 3997 643 4068 scalis
671 3997 739 4066 suis
767 3997 873 4067 scalas
900 3997 1040 4064 turrium
1069 3995 1269 4086 attigerunt,
1299 3999 1333 4062 et
1358 3994 1450 4064 felici

251 4127 389 4218 augurio
405 4125 602 4219 peregrinos
621 4146 683 4216 pro
700 4123 857 4194 Paradiso
874 4127 1040 4193 certantes
1055 4121 1205 4190 hostibus
1220 4119 1449 4191 admoverunt.

252 4253 358 4322 Prima
379 4275 493 4322 muros
506 4251 655 4320 obtinent
669 4249 783 4320 vexilla
797 4251 1002 4329 Pontificum,
1022 4248 1241 4339 ministrisque
1255 4245 1450 4316 coelestium

252 4385 458 4449 secretorum
492 4379 596 4470 prima
630 4376 822 4447 conceditur
854 4376 896 4446 de
925 4375 1022 4445 coelo
1058 4374 1204 4444 victoria.
1243 4373 1451 4456 irruentibus

252 4506 353 4597 igitur
367 4502 489 4574 nostris
500 4502 598 4607 cedit,
614 4501 754 4573 Domino
765 4503 918 4595 jubente,
934 4499 1107 4571 multitudo
1122 4498 1245 4569 infinita
1260 4501 1451 4616 perpaucis,
1558 4607 1559 4620 ἵ

253 4637 288 4700 et
299 4629 548 4725 propugnacula
563 4628 823 4719 relinquentibus
836 4629 973 4698 Graecis
993 4627 1098 4696 nostri
1117 4625 1276 4696 audacter
1296 4625 1452 4697 militibus
