3120 5078
245 361 365 416 Paenurr
378 360 518 417 ltnnnnnn
532 362 654 420 rrrrm.
668 381 751 420 cerr.
766 381 823 420 oon
837 367 925 422 llrun.
940 367 1083 422 Daununo.
1178 357 1253 428 365

78 532 165 602 uobis
184 533 337 604 daremus
356 535 544 606 conscilium
563 542 596 606 et
615 535 762 608 auxilium
781 538 812 606 in
831 536 895 608 hoc
914 539 1020 622 lacto,
1048 539 1122 632 qnia
1142 562 1202 610 nos
1222 543 1256 607 ct

77 669 178 732 restra
204 669 321 734 nostro
349 687 487 758 prorsus
513 663 667 736 conscilio
694 673 727 736 et
751 665 908 736 uoluntati
933 665 1143 759 exponebatis
1152 659 1195 757 ¹),
1222 671 1255 734 et

76 795 184 860 nostro
204 790 362 862 conscilio
381 791 493 862 iacere
512 799 631 864 cuncta
646 793 818 876 nolebatis,
838 817 901 888 que
918 793 1049 864 lucrant
1067 793 1225 864 facienda.

160 910 298 1010 Quod²l
318 941 392 1000 nos,
416 921 576 992 Henricns
594 921 773 1004 Dandulus,
798 921 851 990 dei
870 920 981 1014 gracia
1000 919 1154 1002 Venccie,
1174 919 1251 989 Dal·

74 1044 169 1114 macie
189 1052 289 1139 atque
309 1045 471 1118 Chroacie
490 1047 578 1132 Dur,
604 1048 790 1129 audientes,
818 1047 946 1140 nuncijs
965 1051 999 1116 et
1022 1046 1139 1116 litteris
1159 1045 1254 1114 nobis

71 1179 211 1242 suestra
225 1179 321 1266 parte
339 1175 517 1267 porrectis,
537 1199 587 1260 ea,
608 1199 670 1268 qua
685 1175 807 1258 decuit,
826 1173 1073 1244 honoriticentia
1088 1179 1122 1242 et
1136 1173 1254 1244 alacri·

70 1305 134 1368 tate
151 1303 316 1394 receptis,
343 1326 383 1372 er
401 1303 512 1373 intimo
531 1303 647 1374 luimus
665 1290 781 1374 mentis
801 1307 913 1372 nostre
931 1301 1055 1394 ganisi,
1082 1307 1115 1372 et
1133 1301 1253 1372 deces-

69 1449 177 1496 sorum
192 1434 382 1498 nostrorum
398 1431 583 1501 memoriam
602 1431 773 1512 facientes,
794 1429 847 1521 qui
865 1427 1127 1499 lerosolimitano
1146 1449 1252 1520 regno

69 1555 237 1646 magnifice
270 1558 526 1649 opportunitatis
558 1563 706 1651 tempore
738 1561 989 1635 succurrerunt,
1028 1553 1112 1624 unde
1144 1553 1252 1647 adepti

68 1679 196 1751 luerunt
216 1679 352 1752 uolente
371 1683 500 1755 domino
519 1683 656 1777 gloriam
676 1689 709 1752 et
727 1683 896 1754 honorem.

155 1808 208 1878 Ad
228 1809 466 1880 exortationem
486 1810 582 1880 etiarn
599 1811 712 1880 summi
731 1809 909 1891 Pontificio,
930 1809 982 1901 qui
1001 1807 1044 1877 ad
1063 1807 1127 1877 hoc
1144 1807 1253 1901 sepius

67 1957 125 2005 nos
150 1942 290 2030 paterna
318 1936 547 2007 sollicitatione
573 1937 789 2020 commonuit,
819 1942 853 2006 et
871 1937 944 2027 quia
964 1957 1029 2004 non
1048 1934 1252 2024 ambigimus,

67 2085 124 2132 uos
143 2063 232 2133 uelle
251 2062 374 2132 denote
394 2069 427 2134 et
446 2087 518 2133 cunr
537 2057 718 2158 puritate³)
738 2087 777 2134 ac
795 2063 935 2134 lidelitcr
953 2059 1118 2144 laborare,
1137 2084 1253 2153 preces

65 2195 192 2260 uestras
220 2190 254 2258 in
283 2189 555 2260 honoredomini
583 2191 784 2262 admissimus
813 2189 930 2260 ellectu
957 2189 1066 2259 cordis
1087 2195 1122 2259 et
1145 2187 1253 2258 tocius

64 2317 155 2386 animi
177 2315 366 2409 diligenter.

150 2445 325 2515 Petierunt
343 2443 454 2535 itaque
474 2443 650 2535 supradicti
670 2443 731 2514 uiri
742 2435 786 2536 ⁴),
807 2449 843 2514 ut
863 2443 960 2514 uobis
974 2444 1139 2535 nauigium
1154 2441 1252 2512 dare·

64 2594 133 2640 mus
162 2571 204 2640 ad
233 2568 472 2640 trallrctandos
501 2577 641 2662 quatuor
668 2569 764 2640 millia
793 2572 991 2663 quingentos
1016 2570 1145 2640 millites
1169 2569 1253 2640 benc

61 2705 218 2770 armatos.
240 2705 275 2766 et
293 2697 431 2767 totidem
452 2719 566 2788 equos,
587 2703 620 2767 et
634 2719 751 2767 nonem
765 2697 848 2768 milia
863 2697 1040 2768 scutiferos
1060 2695 1252 2789 (dequibus

62 2826 247 2908 scutiferis,
274 2825 301 2894 si
321 2823 522 2907 defecerint,
550 2829 722 2915 argentum
741 2825 874 2893 interius
892 2824 1012 2894 dictum
1032 2825 1126 2894 nobis
1145 2830 1253 2895 tamen

62 2953 158 3022 minui
185 2975 253 3021 non
278 2949 412 3042 debet),
439 2957 473 3020 ct
500 2950 614 3044 uiginti
642 2951 725 3020 milia
743 2950 871 3044 pedites
890 2951 974 3021 bene
994 2957 1150 3034 armatos,
1179 2975 1251 3021 cum

62 3079 260 3150 uictualibue
279 3077 323 3147 ad
343 3099 462 3148 annum
479 3070 629 3168 unnm⁸),
650 3077 736 3170 quod
756 3078 802 3147 eis
821 3078 899 3148 dare
917 3079 1153 3171 promissimus.

151 3205 312 3276 Victualis
347 3205 442 3275 unius
475 3204 633 3297 cuiusque
666 3203 805 3273 hominis
836 3204 912 3274 talia
947 3212 1059 3276 erunt:
1097 3229 1158 3299 pro
1187 3231 1252 3277 nno

61 3355 192 3427 quoque
219 3332 353 3402 homine
380 3333 520 3400 sextaria
545 3355 601 3401 scr
620 3332 705 3400 inter
722 3353 839 3424 panem
858 3335 892 3401 ct
910 3331 1047 3402 lerinam
1067 3339 1102 3403 et
1126 3332 1253 3406 blauam

60 3465 92 3529 ct
117 3461 286 3554 legumina
314 3463 349 3528 et
373 3457 534 3527 dimidiam
560 3458 705 3527 anloram
731 3457 808 3527 uini.
845 3458 910 3528 Pro
930 3483 995 3540 nno
1016 3483 1148 3553 quoqne
1168 3485 1253 3554 equo

60 3589 163 3657 modia
184 3579 292 3677 tria⁶)
312 3585 354 3655 ad
374 3607 557 3654 mensnram
577 3582 722 3666 venene,
750 3585 842 3654 etde
861 3607 956 3676 aqua,
984 3595 1140 3680 quantum
1160 3591 1253 3660 sulfi-

60 3715 146 3785 ciens
167 3713 244 3784 erit.
272 3711 326 3782 Ad
339 3709 571 3781 trad'retandos
590 3709 757 3804 predictos
777 3735 878 3804 equos
898 3717 951 3783 tot
969 3711 1155 3808 usserios⁷)
1175 3717 1255 3788 dare

58 3861 385 3875 ———-———··-

82 3944 108 4013 ¹)
128 3961 245 3998 conse.
259 3959 334 4013 exp.
349 3943 381 3993 ot
402 3939 461 3994 rol.
474 3938 526 3992 lul.
540 3954 614 4010 sequ.
627 3938 783 4009 diplomatis.

84 4031 111 4104 ¹)
130 4033 227 4100 Quod
240 4033 295 4085 LA.
309 4047 387 4101 sequ.
401 4029 480 4100 dipl.;
501 4045 585 4098 quoe
598 4029 684 4082 Ambr.
698 4031 725 4081 et
737 4030 795 4082 rell.

80 4123 107 4196 ³)
127 4126 199 4178 der.
214 4141 292 4177 curn
311 4139 382 4193 pur.
396 4121 449 4174 LA.
462 4135 536 4190 sequ.
550 4117 613 4190 dipl.

79 4211 107 4286 ⁸)
127 4215 246 4268 nuncii
262 4214 314 4266 bd.
330 4229 404 4282 sequ.
420 4209 483 4282 dipl.

80 4303 107 4376 ⁵)
129 4321 229 4359 urrunr
248 4319 367 4356 annum
387 4301 440 4354 LA.
454 4298 604 4370 requ.dipl.

80 4392 106 4466 ⁸)
126 4395 237 4449 rnodia
252 4392 338 4446 dluue
350 4390 420 4444 tria
435 4391 485 4443 LA.
500 4407 575 4461 sequ.
588 4389 651 4460 dipl.

79 4484 105 4556 1)
125 4502 204 4540 uera
213 4485 287 4538 rior
301 4483 368 4536 ldur.
381 4485 409 4534 et
422 4480 504 4534 nostri
517 4479 608 4544 codd.;
621 4481 792 4550 exspectabas
811 4487 995 4544 usserius.
1016 4492 1085 4547 Sunt
1098 4513 1161 4549 nse.
1177 4515 1256 4553 naves

124 4577 203 4649 equis
217 4571 423 4630 transvehendis
437 4573 515 4642 apte,
528 4571 675 4625 Greeorum
688 4570 768 4624 πλοῖα
782 4570 934 4645 ἱππαγωγά.
