3130 5082
320 357 394 430 152
495 369 615 424 flhlillssa
628 369 687 424 {MP-
700 383 806 424 tonnus
820 367 961 422 VENETUM
976 383 1091 428 austris,
1105 383 1160 422 Mol
1174 381 1315 420 usuam.

315 535 539 602 communicato
561 535 691 602 consilio
708 534 872 624 eprcrliens
891 533 1044 598 manns
1060 531 1206 604 Michaol.
1231 529 1499 618 archiepiscopus

316 644 449 732 liapusis
467 643 504 731 (l.
518 643 717 730 Ragusinus),
734 645 837 710 clerus
852 651 883 708 et
894 645 1033 733 populus
1048 643 1222 718 uniuersum,
1235 640 1414 728 praemissis
1427 661 1499 706 cru·

314 752 418 830 cibus,
447 754 488 818 sle
509 753 680 820 commissis
700 753 824 818 aenium
845 753 1056 840 postularunt.
1092 752 1160 830 Qua
1182 751 1307 816 obtenta
1326 749 1409 814 Due
1431 769 1500 814 cros

314 861 439 947 hymnis
455 871 485 928 el
500 863 645 930 laudibus
659 863 816 928 utmorem
831 863 972 930 intrarit.
993 869 1024 926 st
1039 869 1192 926 consueta
1204 859 1371 946 fidelitatis
1386 879 1499 925 socro-

312 981 417 1039 meua
428 973 609 1048 renooaoil,·
625 973 852 1061 quamdamque
867 972 989 1042 turrim,
1011 992 1079 1059 qua
1094 970 1285 1058 imperatori
1299 969 1499 1040 serrabatur,

313 1101 382 1146 curn
393 1082 559 1146 maritimis
576 1083 673 1147 muris
691 1081 779 1146 dirui
788 1081 876 1166 fecit.
894 1081 935 1146 lu
945 1080 1216 1168 archiepiscopus.
1233 1077 1501 1144 consentientibus

313 1191 397 1256 clero
413 1198 444 1256 et
456 1192 590 1278 populo,
614 1197 775 1256 contentus
791 1191 857 1273 suit
878 1211 968 1256 suom
982 1190 1147 1254 ecclesiam
1162 1189 1318 1274 subjicere
1334 1185 1499 1252 Gradensi

308 1299 517 1384 patriarcha,
533 1299 563 1366 si
576 1299 636 1366 hoo
646 1323 667 1364 a
682 1301 773 1386 Papa
784 1299 905 1386 poterit
920 1299 1055 1364 obtineri
1060 1323 1073 1378 ,·
1088 1299 1197 1386 quibua
1209 1297 1289 1362 Dora
1300 1295 1498 1380 Royneriran

312 1407 399 1472 Zanc
434 1409 523 1474 dedit
557 1409 591 1474 iu
621 1409 771 1476 carnium.
825 1409 940 1474 Postea
971 1430 1015 1473 ec·
1045 1408 1090 1472 eis
1120 1429 1224 1472 secum
1255 1405 1402 1472 assumtis
1434 1405 1499 1470 iter

306 1537 503 1606 prosequens
523 1520 749 1608 Nipropautem
765 1520 930 1608 pervenit,
957 1520 1231 1606 mapistralernqus
1257 1518 1359 1604 ipsius
1382 1516 1499 1580 irrsnlce

311 1626 485 1706 oiauatan,
507 1649 576 1714 qua
593 1631 773 1694 Gracorum
789 1627 934 1694 exercitu
948 1628 1063 1712 fulcito
1079 1634 1158 1704 crat,
1175 1627 1363 1715 impuqnars
1378 1624 1499 1712 coepit.

309 1735 368 1800 Ille
384 1743 495 1808 arctam
512 1737 568 1824 qui
581 1759 625 1802 ec
639 1737 845 1826 Imperatoris
854 1738 951 1822 jussu
966 1737 1126 1802 exercitui
1137 1744 1287 1823 praerat,
1305 1736 1345 1799 dc
1366 1735 1496 1800 Versata·

309 1866 380 1910 rum
392 1845 537 1933 potentia
552 1825 748 1932 stupefactus
764 1846 848 1912 Daoi
863 1845 1022 1934 promisit,
1044 1845 1138 1933 prod,
1162 1845 1193 1910 si
1207 1845 1252 1910 aa
1265 1845 1497 1932 Imperatorem

310 1954 430 2039 lepatos
451 1955 598 2027 mitteret,
620 1955 846 2020 restitutionem
862 1975 989 2020 morum
1005 1955 1119 2020 civium
1135 1963 1166 2020 et
1181 1956 1330 2020 honorum
1345 1953 1497 2040 plenarie

309 2063 472 2128 obtineret.
510 2065 568 2130 Cui
593 2065 672 2130 Duc·
698 2085 839 2130 annuens
866 2065 1052 2151 Mapr'strum
1079 2067 1281 2152 Paspnalem,
1310 2064 1497 2151 episcopum

308 2172 506 2258 Epuilinum,
529 2173 585 2259 qui
600 2174 742 2238 Gracam
763 2173 902 2260 linquam
923 2180 1069 2244 marmot,
1092 2181 1122 2238 ct
1136 2174 1315 2240 Manassen
1330 2173 1497 2238 Balearic

309 2281 428 2369 lcqotos
451 2281 642 2369 Imperatori
662 2283 756 2348 muts.
779 2282 910 2346 Exinde
926 2283 1004 2346 Duc
1021 2282 1130 2348 abiens
1146 2282 1257 2348 Chium
1278 2283 1444 2370 nuoipuait
1466 2289 1499 2348 st

307 2391 414 2455 urbem
430 2412 499 2456 cum
514 2399 580 2456 toto
596 2393 702 2458 insula
712 2414 776 2478 per
790 2392 979 2456 deditionem
994 2393 1133 2479 accepit,
1158 2401 1189 2456 st
1203 2393 1249 2457 ihi
1261 2413 1389 2458 uuonan
1413 2414 1497 2456 nun-

308 2499 422 2564 tiorum
437 2501 572 2566 reditum
588 2509 763 2588 suspectans
779 2501 929 2586 hyemare
944 2503 1107 2589 disposuit.
1128 2505 1166 2568 llt
1182 2505 1222 2570 de
1236 2525 1319 2590 pace
1335 2503 1498 2588 confidens

307 2629 380 2672 suos
396 2631 417 2672 a
433 2611 560 2676 lesione
575 2611 708 2697 lmpsrii
721 2611 879 2676 abstinero
890 2611 978 2694 fecit.
1006 2611 1097 2689 Quod
1110 2612 1289 2699 Imperator
1303 2631 1498 2700 coquosaeus

307 2717 446 2784 Duoales
461 2720 588 2786 nuutios
604 2721 710 2786 dolose
725 2721 975 2786 simulationibus
995 2721 1141 2786 trahebat
1156 2723 1191 2786 in
1206 2724 1340 2810 lonpron.
1365 2721 1434 2788 Sea
1448 2720 1501 2786 illi

307 2848 328 2891 u
343 2828 430 2893 Duce
445 2829 607 2906 admoniti,
628 2851 698 2894 aum
714 2831 829 2894 uellent
844 2831 1003 2907 recedere,
1021 2832 1060 2894 cle
1073 2853 1158 2918 pace
1173 2833 1281 2916 fimsdo
1296 2833 1336 2896 ah
1351 2831 1499 2918 Impera·

306 2941 375 3000 tore
391 2937 542 3022 fiduciam
563 2947 779 3025 susceperunt.
804 2938 981 3026 Imperator
996 2940 1119 3026 quiderm
1135 2962 1204 3006 cum
1220 2942 1334 3028 lupatis
1355 2942 1498 3007 redeun-

306 3045 388 3110 tibus
402 3047 546 3113 nautium
560 3049 666 3120 mittit.
682 3071 745 3114 nou
760 3049 806 3114 ad
815 3070 941 3137 pacem,
960 3051 1019 3115 sed
1032 3051 1078 3116 ad
1091 3072 1220 3124 moram,
1242 3059 1273 3116 et
1287 3059 1322 3117 ut
1337 3052 1497 3118 conditio-

305 3176 376 3220 nem
399 3157 560 3223 enerostus
581 3159 782 3245 inteprolitcr
800 3159 1003 3245 persentiret.
1030 3161 1093 3238 Qui
1113 3163 1330 3245 ficte'Duoom
1346 3162 1497 3228 alliciens

304 3263 356 3328 illi
370 3266 548 3351 persuasit,
572 3274 607 3332 ul
626 3289 730 3333 secum
751 3269 870 3354 lepotos
893 3268 1085 3356 Imperatori
1109 3272 1283 3336 remitteret
1290 3295 1302 3347 ‚·
1324 3272 1380 3358 qui
1396 3274 1496 3358 pacis

304 3374 416 3440 asilus
431 3395 493 3448 eos,
519 3397 595 3462 quos
607 3377 713 3463 primo
728 3377 868 3452 miserat,
886 3385 916 3441 ct
930 3378 1116 3466 Philippum
1133 3382 1242 3446 Gracc
1259 3383 1380 3468 lepatos
1394 3383 1494 3446 remi·

302 3481 352 3545 sit.
380 3484 454 3548 aas
474 3485 573 3571 ipitur
595 3485 662 3550 hac
685 3493 865 3572 operentur,
884 3488 1139 3575 pessimapestis
1156 3490 1326 3555 intantum
1341 3490 1491 3562 inuoluit,

301 3595 336 3652 ut
347 3587 463 3676 ponam
485 3593 662 3676 interjectis
677 3594 785 3660 utiabra
802 3595 874 3678 fere
887 3597 972 3660 mille
988 3597 1129 3664 homines
1141 3603 1282 3686 peremti
1296 3601 1382 3678 siut;
1407 3601 1496 3687 quod

303 3699 446 3764 creditur
460 3701 628 3766 aduenisse
643 3724 688 3766 ea·
702 3725 760 3768 usn
777 3725 946 3790 aquarum,
968 3728 1046 3792 quas
1062 3707 1242 3796 Imperator
1252 3711 1378 3793 fecerat
1394 3731 1491 3776 aare·

300 3808 385 3872 nari.
409 3809 489 3874 Dua
504 3811 541 3876 oh
564 3811 624 3876 hoo
639 3811 679 3876 de
690 3833 776 3898 poce
797 3834 859 3877 non
875 3815 1033 3886 credulus,
1050 3818 1191 3904 acceptis
1206 3819 1352 3905 reliquiis
1367 3828 1398 3886 et
1414 3824 1492 3888 aliis

300 3916 510 3982 thesaurisas
524 3919 600 3984 Chio
616 3920 755 3996 recessit,
771 3932 804 3986 et
818 3923 862 3986 asl
875 3923 1009 3988 irsssclam
1020 3933 1138 3990 sancta
1153 3927 1306 4014 Panapio
1317 3931 1491 4017 applicuit,

299 4026 355 4090 uhi
370 4027 479 4092 cadem
494 4028 586 4092 clude
606 4028 739 4116 plurimi
752 4031 868 4096 mortui
881 4039 962 4096 sunt.
987 4032 1165 4119 Imperator
1180 4059 1255 4102 aera
1271 4038 1396 4116 dehis,
1420 4062 1491 4128 qum

299 4134 459 4200 eneroitui
478 4133 678 4208 acoidmant,
699 4139 856 4224 prescius
871 4139 970 4206 Ducis
987 4143 1106 4228 lepotas
1120 4145 1233 4210 audire
1249 4148 1357 4212 renuit
1370 4155 1403 4212 st
1418 4169 1490 4216 cum

298 4243 344 4306 eis
367 4263 456 4307 suum
479 4243 622 4308 nummum
646 4246 776 4322 remisit,
801 4247 856 4333 qui
870 4249 955 4314 Domi
969 4253 1129 4336 seposuit,
1154 4274 1247 4340 orcam
1266 4277 1378 4343 prosc,
1401 4260 1490 4346 quod

295 4357 417 4437 portum
432 4357 511 4422 erat,
527 4351 718 4438 Imperatori
727 4356 845 4437 fuerat.
874 4356 959 4422 Tunc
970 4359 1163 4426 Prudentum
1178 4365 1310 4430 consilio
1322 4387 1387 4452 pro
1404 4369 1486 4434 ohti-

298 4459 402 4523 nsmla
415 4479 498 4544 paca
513 4460 670 4526 hienricus
682 4463 829 4528 Dandulo
848 4472 879 4528 ct
893 4465 1063 4553 Philippus
1076 4470 1186 4536 Grceco
1203 4493 1273 4538 cum
1289 4475 1345 4540 illo
1355 4477 1488 4561 pariter
1547 4531 1548 4538 ,

259 4625 264 4634 ,
289 4567 506 4634 emittuntur.
533 4571 645 4637 Postea
667 4573 765 4638 stolus
790 4573 994 4642 Methelinum
1015 4577 1115 4652 soah,
1138 4579 1255 4648 deinde
1270 4582 1486 4662 Stoliminum,
1546 4571 1548 4610 ⁷
