3110 5080
378 354 474 410 lusco.
487 352 523 410 lll
534 369 625 408 erran.
640 370 675 408 nn
690 353 934 410 Cruorsrsnnros.
1164 344 1240 446 llll

65 529 246 594 vestrarum
265 525 440 618 perniciem
460 525 653 607 animarum;
671 525 730 598 sed
744 523 946 596 cessantibus
964 523 1073 616 potius
1092 523 1244 594 occasio·

64 649 160 720 nibus
193 649 316 726 birotis
349 657 383 722 et
420 651 670 724 necessitatibus
702 649 858 722 simulatis
889 651 921 720 in
953 651 1076 720 Terrae
1112 655 1244 722 sanctae

62 777 240 847 transeatis
259 775 447 862 subsidium,
469 783 503 848 et
522 779 636 849 Crucis
655 777 803 870 injuriam
822 775 1003 860 vindicetis,
1023 777 1187 869 accepturi
1203 777 1244 848 de

62 900 209 974 bostium
227 902 351 998 spoliis,
372 926 454 996 qnae
473 927 544 988 uos,
563 903 591 974 si
610 926 733 976 moram
747 903 893 976 feceritis
912 902 943 974 in
962 902 1109 997 partibus
1122 904 1244 975 Roma·

64 1033 159 1112 niae,
185 1035 357 1123 oporteret
384 1029 521 1102 forsitan
546 1053 566 1100 a
589 1030 744 1102 fratribus
773 1034 979 1123 extorquere.
1017 1029 1122 1102 Aliter
1147 1033 1243 1116 enim,

62 1157 140 1249 qnia
169 1177 234 1226 non
260 1179 451 1250 possumus,
478 1179 540 1228 nec
559 1155 731 1240 debemus,
760 1155 960 1227 remissionis
984 1156 1076 1228 robis
1104 1157 1243 1251 gratiam

65 1283 250 1356 nullatenus
269 1283 471 1376 pollicemur.
500 1281 702 1354 lnbibitionis
720 1289 828 1354 autem
847 1289 980 1354 nostrae
997 1289 1157 1369 tenorem,
1183 1307 1244 1378 qua

65 1411 160 1482 uobis
180 1411 240 1482 snb
259 1410 598 1482 excommunicationis
617 1409 876 1480 interminatione
890 1409 1059 1492 vetuimus,
1078 1433 1120 1480 ne
1138 1419 1245 1482 terras

65 1537 327 1610 Christianorum
352 1537 505 1608 invadere
529 1535 580 1606 vel
606 1535 738 1608 laedere
770 1537 991 1630 temptaretis,
1019 1538 1079 1608 nisi
1105 1536 1155 1608 vel
1185 1537 1245 1631 ipsi

64 1671 211 1738 vesum
235 1665 300 1734 iter
324 1663 473 1758 nequiter
498 1662 708 1756 impedirent,
732 1660 782 1732 vel
808 1662 870 1732 alia
887 1662 978 1754 justa
1004 1669 1038 1734 et
1060 1665 1244 1736 necessaria

64 1814 167 1864 eausa
178 1791 290 1860 forsan
305 1795 509 1872 occurreret,
524 1796 767 1882 propterquam
781 1788 866 1860 alind
880 1810 993 1881 agere,
1008 1789 1245 1864 interveniente

64 1918 168 2012 legati
188 1916 291 1988 nostri
310 1916 459 1999 consilio,
479 1908 639 2000 inferetis,
656 1916 842 1986 memoriter
855 1917 999 1990 retinere
1013 1941 1071 1990 vos
1084 1918 1244 2004 volumus,

66 2052 103 2118 et
121 2067 301 2128 monemus,
320 2065 361 2114 ne
380 2049 493 2116 contra
515 2067 585 2116 eam
605 2042 720 2114 leuiter
738 2043 883 2114 veniatis.

158 2171 208 2244 Ne
236 2177 344 2244 autem
373 2169 467 2264 culpa
494 2170 592 2242 Ducis
621 2177 655 2241 et
681 2169 789 2266 populi
818 2170 1014 2242 Venetorum
1045 2171 1076 2241 in
1107 2195 1245 2265 poenam

66 2306 209 2372 nestram
233 2297 410 2382 redundet,
439 2296 585 2368 volumus
613 2303 647 2368 et
669 2297 876 2380 mandamus,
902 2305 938 2370 ut
964 2297 1073 2368 literas
1100 2305 1244 2383 nostras,

68 2450 149 2520 quas
167 2425 246 2520 ipsis
265 2423 478 2519 assignandas
497 2423 692 2508 duxerimus,
713 2429 847 2515 atquae
867 2423 972 2494 adbuc
990 2425 1076 2518 apud
1096 2449 1153 2496 uos
1169 2449 1243 2496 esse

68 2559 265 2636 noscuntur,
295 2551 453 2644 assignari
480 2550 609 2622 faciatis
635 2550 773 2632 eisdem,
799 2573 841 2620 ne
864 2550 925 2643 ipsi
951 2550 1190 2624 excusationem
1213 2553 1245 2621 in

70 2679 216 2773 peccatis
235 2684 411 2750 assumant.
440 2675 514 2748 nat.
535 2676 738 2756 feunanum
762 2697 845 2748 anno
864 2675 916 2748 Vl.

613 2853 678 2926 CV.

423 2978 609 3044 innocentius
625 2978 666 3041 lll
683 2977 906 3059 drueeslgnstls.

269 3107 447 3182 Cmsailium,
468 3105 551 3193 quod
565 3103 655 3190 Papo
671 3103 750 3189 ipsis
764 3103 862 3169 mittit
876 3105 944 3170 sine
959 3105 1052 3170 bullo.

420 3311 424 3318 ,
582 3247 612 3300 n.
626 3245 652 3299 r.
668 3245 745 3300 laos.

161 3382 291 3445 innoc.
309 3377 345 3442 lll
362 3377 450 3461 epist.
468 3373 519 3438 lib.
538 3373 586 3448 vl,
604 3395 650 3460 ep.
669 3371 716 3437 Cll
733 3374 780 3438 ed.
798 3375 1014 3460 brequigny
1031 3377 1068 3439 T.
1084 3377 1106 3449 l,
1124 3399 1152 3461 p.
1171 3378 1246 3442 311.

161 3533 198 3603 Si
211 3553 287 3601 vere
301 3551 361 3599 vos
379 3527 526 3622 poenitet
540 3524 580 3594 de
595 3525 768 3595 commisso
785 3531 819 3594 st
837 3525 932 3619 plene
950 3527 1130 3620 proponitis
1150 3529 1248 3598 satis·

72 3662 183 3732 lacere
204 3657 244 3728 de
268 3661 426 3750 peccato,
454 3653 624 3724 Dominum
651 3651 743 3722 vobis
771 3651 951 3736 credimus,
979 3655 1075 3724 immo
1104 3655 1248 3725 novimus

68 3787 136 3880 jam
155 3785 327 3880 placatum.
347 3783 382 3853 Si
398 3805 479 3875 ergo
494 3781 609 3862 Veneti
624 3779 790 3874 potuerint
804 3779 844 3849 ad
858 3781 1112 3852 satisfactionem
1128 3781 1247 3864 induci,

74 3920 109 3984 ct
127 3910 339 3982 absolutionis
363 3907 553 3979 beneficium
581 3907 758 3978 meruerint
782 3904 947 3989 obtinere,
973 3931 1090 3979 secure
1110 3933 1181 3978 cnm
1202 3908 1249 3978 eis

73 4041 229 4134 navigare
257 4035 406 4132 poteritis
437 4041 471 4105 et
498 4035 654 4128 praelium
684 4033 810 4104 Domini
842 4034 1001 4127 praeliari.
1038 4036 1161 4122 Quodsi
1190 4060 1250 4107 nec

75 4167 266 4238 satisfacere
291 4165 378 4234 forte
396 4161 556 4232 voluerint
580 4184 641 4230 nec
667 4159 808 4243 absolvi,
833 4167 947 4254 utpote
967 4163 1019 4256 qui
1039 4185 1104 4232 non
1124 4161 1248 4247 dolere,

75 4293 136 4364 sed
161 4291 308 4385 gaudere
333 4289 482 4360 dicuntur
507 4289 615 4382 potins
635 4285 675 4355 de
694 4287 884 4370 commisso,
910 4290 1124 4381 permittimus
1148 4289 1249 4374 vobis,

74 4429 111 4493 ut
129 4442 202 4491 cnm
221 4417 299 4511 ipsis
314 4439 416 4510 nsque
431 4416 463 4484 in
475 4421 596 4486 terram
612 4415 848 4485 Saracenorum
863 4414 911 4484 vel
932 4415 1249 4512 Hierosolymitanam

76 4545 285 4642 provinciam,
306 4546 398 4638 juxta
417 4543 504 4638 quod
523 4543 683 4614 intervos
703 4549 737 4614 et
754 4544 843 4638 ipsos
862 4546 1025 4626 convenit,
1045 4545 1095 4616 vel
1113 4545 1251 4617 honeste

106 4667 199 4714 nono..
216 4666 263 4711 xn.
1000 4663 1035 4717 27
