3130 5078
276 298 352 370 538
593 313 687 370 laroc.
701 313 734 368 lll
747 331 789 368 aa.
805 331 841 368 ao
855 315 944 368 Rara.
959 313 1125 368 Danouuuu.

275 481 499 552 confirmandis
519 483 721 575 sepedictus
741 487 919 578 Imperator
943 485 1036 554 uobis
1057 484 1228 576 porrigere
1246 485 1445 576 procuravit,

275 631 340 678 non
359 609 503 680 duximus
522 611 762 682 admittendam.
784 613 817 682 ln
832 613 878 682 ais
894 634 1030 704 namque
1045 611 1272 682 continebatur
1287 634 1451 702 expresse,

274 736 359 826 quod
392 736 474 806 inter
506 737 651 808 Francos
685 745 718 808 et
749 739 891 810 Venetos
927 728 1187 829 dividebantur¹)
1224 738 1452 829 possessiones

275 861 514 946 ecclesiastice,
536 871 702 935 reservata
725 867 852 936 clericis
873 867 1043 959 portione,
1064 865 1105 936 de
1120 887 1181 957 qua
1197 865 1325 958 possint
1345 864 1451 934 bono·

275 988 364 1056 rilice
389 991 575 1060 sustentari.
606 991 685 1062 Cum
712 993 810 1084 igitur
838 993 903 1063 hoc
928 987 1130 1086 acceptari²)
1156 1015 1221 1062 nou
1245 998 1360 1082 posset
1382 992 1452 1060 siue

275 1116 391 1206 injuria
418 1117 595 1198 creatoris,
625 1117 842 1207 juramentum
878 1143 976 1214 super
1012 1120 1075 1190 hoo
1109 1120 1280 1214 prestitum
1307 1119 1451 1188 illicitum

275 1243 402 1333 penitus
428 1252 617 1334 appareret,
650 1253 683 1316 et
713 1254 825 1338 posset
855 1247 1032 1339 perjurium
1059 1247 1165 1338 potius
1188 1245 1359 1340 appellari,
1390 1246 1449 1314 nisi

281 1368 393 1451 „salvo
420 1371 602 1461 apostolice
629 1371 725 1442 Sedis
751 1373 900 1444 honore“
929 1374 961 1444 in
986 1373 1100 1444 eodem
1122 1371 1310 1462 juramento
1336 1371 1452 1442 luisset

274 1496 447 1586 adjectum.
485 1497 565 1581 Quia
592 1521 673 1591 ergo
698 1499 805 1570 bonor
828 1499 976 1572 Ecclesia
1002 1503 1144 1572 Romane
1173 1521 1237 1568 nou
1264 1504 1450 1568 servaretur

274 1621 395 1702 illesus,
416 1623 443 1690 si
463 1624 818 1719 Constantinopolitano
839 1627 996 1708 Ecclesia,
1017 1649 1079 1719 quo
1097 1625 1275 1694 membrum
1291 1631 1343 1694 est
1357 1624 1449 1696 Sedis

273 1747 453 1840 apostolice
472 1751 632 1843 speciale,
660 1753 859 1824 mutilatione
877 1753 1123 1846 possessionum
1142 1775 1272 1822 suarum
1292 1753 1453 1822 sustineat

273 1875 510 1960 detrimentum,
531 1877 760 1950 discretionem
779 1887 917 1952 uestram
937 1902 1091 1972 rogamus
1112 1879 1271 1950 atteneiue
1290 1885 1324 1948 et
1339 1900 1451 1950 mone-

274 2025 354 2082 mus,
374 2026 434 2095 per
453 2004 630 2095 apostolica
652 2006 743 2076 vobis
763 2008 884 2100 scripta
904 2007 1108 2088 mandantes,
1127 2007 1291 2098 quatinus,
1310 2028 1353 2076 ne
1370 2029 1450 2098 pre-

272 2131 377 2200 dictus
405 2129 477 2201 Dux
502 2132 541 2202 ad
570 2131 756 2204 divisionem
783 2135 1029 2227 possessionum
1058 2133 1108 2204 vel
1136 2132 1324 2224 aliialiquo
1354 2131 1449 2202 modo

271 2257 464 2352 procedant,
480 2283 552 2330 cum
564 2259 597 2330 id
607 2263 717 2342 etiam,
733 2261 817 2332 siout
830 2261 1003 2341 credimus,
1019 2269 1201 2332 uestreuou
1212 2261 1452 2352 expediatoiri·

271 2389 341 2471 tati,
362 2387 501 2460 studium
516 2387 705 2480 impendatis
720 2396 754 2459 et
768 2411 900 2482 operam
915 2389 1100 2468 efficacem
1119 2388 1246 2481 prefato
1263 2387 1385 2468 electo,
1397 2390 1451 2480 qui

273 2539 309 2584 se
324 2523 357 2584 et
371 2537 430 2584 sua
443 2537 503 2607 pro
520 2515 714 2584 Venetorum
731 2515 856 2586 honore
871 2539 1034 2610 exponere
1049 2515 1175 2584 minime
1190 2514 1360 2595 dubitavit,
1381 2537 1454 2584 cum

273 2641 313 2709 nd
328 2665 389 2712 uos
404 2641 500 2711 dante
510 2639 647 2711 Domino
663 2643 869 2725 remeaverit,
889 2649 1074 2735 prestantes
1088 2642 1234 2712 auxilium
1250 2647 1283 2710 et
1295 2643 1452 2710 fauorem.

361 2769 443 2838 Data
462 2769 579 2847 Rounu,
608 2767 691 2860 apud
718 2775 863 2838 sanctum
890 2769 1040 2852 Petrum,
1065 2767 1107 2838 Vl
1130 2768 1204 2839 ldus
1228 2759 1451 2856 Februarii⁸)‚

273 2895 477 2987 pontificatus
497 2893 599 2964 nostri
618 2915 702 2963 anno
724 2894 805 2964 lllll.

788 3073 934 3144 CXXXV.

272 3199 383 3262 littera
405 3200 569 3264 lanocentli
591 3197 631 3260 lll
656 3199 738 3280 laps
762 3199 906 3278 llsynerlo
927 3199 1062 3262 ltandulo
1087 3199 1191 3278 rulssa,
1217 3199 1454 3263 recommendans

622 3308 744 3370 eundem
760 3309 956 3372 l'otrlsrobom
973 3311 1108 3372 electum.

582 3433 612 3483 Α.
635 3429 661 3483 d.
685 3431 769 3491 1205.
794 3429 836 3484 die
858 3431 900 3486 30.
932 3433 1026 3485 mensis
1048 3431 1141 3485 llartii.

362 3543 454 3607 Liber
470 3541 560 3606 nlhns
577 3541 628 3605 l'ol.
644 3543 694 3606 39.
713 3539 814 3606 Codex
830 3542 862 3605 S.
876 3543 998 3605 llarci
1015 3543 1149 3626 Append.
1166 3541 1205 3604 ol.
1218 3541 1252 3608 X.
1270 3541 1337 3605 cod.
1351 3541 1385 3602 X.
1410 3540 1456 3602 Dc

279 3674 377 3717 rerum
395 3674 470 3716 nexu
488 3653 542 3714 cfr.
553 3649 644 3714 Gesta
657 3651 757 3716 lnnoc.
768 3652 805 3716 lll
819 3671 845 3714 c.
856 3651 970 3716 xcvul
983 3671 1047 3735 sqq.
1057 3653 1133 3734 apud
1151 3651 1270 3715 Belua.
1282 3649 1318 3712 T.
1327 3649 1348 3721 1,
1363 3670 1391 3730 p.
1402 3649 1455 3712 oo.

364 3786 570 3856 lunoeentius
589 3785 782 3878 episcopus,
810 3807 923 3853 servus
943 3807 1109 3855 servorum
1129 3783 1199 3864 dei,
1220 3781 1349 3852 dilectis
1368 3781 1452 3860 liliis,

273 3913 370 3983 nobili
397 3913 467 3983 viro
496 3903 707 4003 Raynerio⁴)‚
736 3911 800 3981 filio
827 3912 945 3994 Ducis,
981 3917 1013 3982 et
1040 3909 1232 3982 consiliariis
1258 3907 1456 3982 Venetorum

275 4039 410 4109 salutem
430 4043 463 4108 et
481 4036 694 4131 apostolicam
714 4036 983 4109 benedictionem.
1062 4050 1065 4056 '

300 4247 325 4319 ¹)
345 4246 546 4299 dividebant
570 4246 624 4298 Bal.
650 4249 677 4297 et
700 4263 761 4298 mss.
797 4247 835 4298 llo
860 4241 863 4290 l
914 4245 942 4314 3)
964 4245 1051 4299 mccl
1071 4245 1144 4299 addit
1159 4246 1219 4298 eod.
1235 4246 1262 4297 S.
1277 4245 1364 4296 blanci.
1384 4243 1452 4293 luem

346 4337 452 4390 dividi
472 4336 612 4390 debenti
860 4346 863 4394 :
962 4355 1043 4390 anuo
1057 4336 1125 4398 lllll;
1145 4337 1201 4390 rell.
1216 4335 1267 4389 Vll·

299 4427 325 4500 2)
347 4427 548 4499 attemptari
582 4427 647 4489 LP..
682 4429 751 4499 quod
778 4429 833 4482 lere
913 4427 941 4498 l)
961 4425 1455 4482 mun-Nosmemoriammem-

346 4521 468 4590 praestat3
487 4534 567 4571 aceo
577 4523 618 4588 pt.
634 4518 684 4571 llll.
960 4537 1026 4579 mon,
1038 4523 1065 4571 ut
1075 4535 1157 4587 sequ,
1171 4520 1249 4588 plene
1260 4517 1458 4586 exscripsimus·
