3110 5080
283 340 360 414 452
482 315 485 324 Ι
668 353 803 408 rasura>
816 368 903 408 suoru
915 353 1034 406 Gnsecr.

371 522 535 594 Statutum
561 530 613 594 est
636 524 749 610 etiam,
775 524 862 620 quod
883 547 978 596 nemo
1003 525 1165 596 hominum
1182 523 1318 595 alicuius
1336 523 1462 616 gentis,

283 675 346 746 que
366 673 567 722 communem
585 673 713 722 verram
732 653 900 724 nobiscum
918 657 974 722 aut
992 651 1236 723 successorihus
1263 651 1384 721 nostris
1409 647 1463 719 rel

278 777 400 872 populo
419 777 560 874 Veuecie
578 778 737 861 hahuerit,
756 781 931 875 recipiatur
949 781 983 849 in
1000 777 1150 874 imperio,
1170 778 1277 850 donec
1292 800 1386 849 retra
1402 776 1461 846 ilia

278 905 378 976 fuerit
396 905 575 999 pacificata.

368 1033 535 1105 Tenentur
553 1033 649 1103 etiam
668 1038 805 1128 utraque
823 1057 900 1127 pars
914 1033 956 1104 ad
970 1032 1105 1104 dandam
1121 1055 1254 1126 operam
1272 1031 1358 1102 hona
1377 1030 1458 1113 tide,

281 1167 318 1232 ut
340 1160 404 1232 hoc
431 1184 450 1231 o
475 1159 606 1231 domino
626 1161 712 1254 Papa
737 1161 843 1255 possit
865 1161 1047 1254 impetrari,
1070 1166 1125 1242 ut,
1151 1159 1178 1230 ai
1201 1157 1315 1252 aliquis
1337 1163 1459 1228 contra

277 1286 362 1359 hanc
375 1287 608 1359 institutionem
620 1289 668 1358 irc
682 1289 897 1382 temptaverit,
916 1289 959 1360 sit
972 1283 1309 1359 excommunicationis
1323 1281 1458 1356 vinculo

204 1453 208 1460 ·
276 1415 458 1486 innodatus.

363 1545 499 1636 Insuper
523 1541 703 1636 Imperator
725 1544 841 1636 jurare
866 1541 981 1625 dehet,
1016 1541 1103 1636 quod
1128 1541 1236 1611 firmae
1261 1549 1296 1612 et
1317 1540 1458 1611 stabiles

275 1669 473 1763 particiones
487 1673 521 1738 et
540 1668 698 1753 dationes,
719 1691 780 1762 que
793 1668 879 1740 facte
893 1669 1025 1754 tuerint,
1044 1668 1302 1740 inrevocabiliter
1319 1667 1459 1738 hahehit

275 1795 452 1866 secundum
478 1795 624 1866 ordinem
648 1796 797 1888 superius
817 1797 1013 1867 distinctum.
1042 1797 1076 1868 Si
1095 1818 1175 1867 vero
1194 1792 1312 1888 aliquid
1328 1797 1360 1863 in
1378 1795 1458 1864 istis

276 1922 423 1993 omnihus
441 1921 539 1993 suerit
552 1922 733 1994 addendum
752 1921 802 1993 vel
816 1923 1032 2007 minuendum,
1050 1923 1081 1992 in
1096 1927 1262 2016 potestate
1275 1929 1309 1992 et
1320 1922 1456 1992 discre-

273 2051 364 2120 tione
381 2053 490 2119 vestra
510 2055 543 2120 et
561 2055 743 2120 vestrorum
757 2073 813 2121 sex
824 2051 1087 2122 consciliatorum
1100 2055 1136 2121 et
1148 2049 1266 2121 domiui
1285 2047 1457 2120 hdarchio-

272 2177 321 2246 nis
340 2183 374 2248 et
391 2177 464 2270 ejus
483 2197 540 2245 sex
558 2176 819 2248 consciliatornm
837 2178 1004 2250 consistat.

359 2303 536 2374 Sciendum
555 2309 606 2373 est
625 2303 738 2388 edam,
763 2305 850 2399 quod
868 2327 946 2389 ros,
974 2305 1100 2397 pretate
1118 2304 1246 2375 domine
1265 2303 1350 2385 Dux,
1376 2325 1453 2374 non

271 2429 397 2502 dehetis
420 2431 628 2524 Imperatori,
654 2431 707 2522 qui
732 2432 831 2503 hierit
849 2432 994 2514 electus,
1018 2431 1068 2502 vel
1094 2433 1251 2523 imperio,
1277 2429 1316 2502 sd
1341 2429 1453 2524 aliqua

270 2558 402 2630 servitia
425 2555 572 2656 facienda
596 2561 817 2651 juramentum
841 2565 990 2653 prestare
1017 2565 1154 2652 propter
1181 2557 1308 2652 aliquod
1335 2557 1454 2628 datum

267 2686 318 2772 ¹vel
342 2685 476 2756 feudum
501 2687 568 2757 sive
592 2685 890 2767 honorificentiam,
919 2709 982 2778 que
1006 2685 1098 2755 vobis
1123 2683 1241 2756 debeat
1267 2683 1451 2777 assignari;

230 2827 234 2835 ’
269 2819 376 2884 tamen
402 2811 445 2882 illi
464 2814 515 2884 vel
540 2813 610 2896 ille,
640 2835 735 2905 quem
754 2812 805 2882 vel
825 2837 907 2905 quos
924 2812 999 2884 loco
1019 2818 1129 2884 vestro
1148 2813 1326 2884 statueritis
1345 2835 1452 2904 super

268 2939 335 3020 his,
362 2963 425 3032 que
449 2941 541 3011 vohis
560 2941 682 3010 fuerint
706 2941 890 3033 assignata,
917 2939 1057 3010 debeant
1077 2941 1262 3031 juramento
1280 2937 1382 3010 teneri
1402 2940 1451 3010 ad

268 3087 362 3136 omne
381 3067 546 3138 seruitium
564 3067 753 3162 hnperatori
772 3073 806 3137 et
824 3068 960 3159 imperio
981 3067 1176 3151 iaciendum,
1191 3068 1285 3161 juxta
1300 3064 1451 3137 ordinem

266 3194 415 3286 superius
433 3193 643 3266 declaratum.

354 3321 435 3392 Data
455 3345 539 3394 auno
559 3321 677 3392 domini
703 3319 887 3421 millessimo
912 3319 1151 3392 duceutcssimo
1171 3325 1307 3414 quarto,
1333 3341 1451 3390 mense

264 3447 387 3530 Marcii,
406 3448 583 3520 indictione
601 3426 802 3542 septimad

801 3574 906 3647 CXXi.

685 3699 807 3763 sortitio
824 3700 906 3779 regri
922 3697 1022 3764 tirncl.

769 3802 800 3858 A.
813 3803 838 3859 d.
853 3805 932 3859 1204.

349 3892 441 3956 Liber
471 3893 564 3958 Athos
597 3895 647 3958 sol.
676 3891 721 3959 34
750 3919 795 3982 sq.
834 3895 926 3959 Liber
956 3897 1112 3959 Paetorum
1139 3893 1166 3965 l.
1198 3895 1249 3959 fol.
1278 3895 1344 3958 246
1371 3914 1439 3979 sq.;

259 4001 293 4073 11,
309 4001 359 4065 toi.
378 4001 439 4065 261
460 4023 505 4087 sq.
529 4002 629 4067 Codex
645 4002 779 4068 Sancti
797 4003 912 4068 hlaroi
931 4000 1007 4075 284,
1024 4003 1074 4067 fol.
1095 4005 1124 4067 3.
1149 4003 1359 4066 Muratorii
1380 4003 1440 4089 (ad

257 4112 418 4176 chronicon
434 4111 560 4176 Danduli
577 4135 606 4196 p.
626 4113 689 4177 328
705 4117 790 4200 sqq.)
809 4115 929 4179 codices
946 4113 1132 4178 Ambrosiani
1148 4113 1160 4174 1
1178 4120 1209 4176 et
1223 4113 1259 4179 11.

347 4220 485 4285 Editorss
501 4221 596 4284 nostri
612 4221 723 4286 libelli:
746 4223 995 4288 Rhamnusius
1012 4224 1050 4287 dc
1067 4221 1145 4286 helio
1164 4221 1319 4306 Cpolitano
1335 4222 1384 4286 cd.
1402 4221 1442 4296 u,

258 4327 333 4390 libro
353 4328 386 4402 V,
403 4349 432 4412 p.
446 4330 511 4395 223
529 4350 573 4414 sq.
599 4329 833 4395 Muratorius
850 4331 887 4395 ad
905 4332 1066 4396 chronicon
1082 4329 1210 4395 Danduli
1226 4350 1296 4414 pag.
1311 4331 1376 4395 328
1389 4351 1440 4416 sq.

261 4435 461 4501 Wilhenus
477 4441 506 4500 in
524 4436 708 4502 Geschichte
726 4439 780 4503 der
796 4439 973 4524 Kreuzctige
988 4441 1022 4503 T.
1042 4440 1071 4516 5,
1096 4439 1233 4524 Append.
1254 4459 1324 4524 pag.
1348 4439 1368 4504 o
1390 4461 1439 4524 sq.

258 4547 462 4610 Buchonus
489 4548 519 4610 in
543 4529 822 4614 hclaircissements
851 4571 903 4614 sur
925 4549 952 4613 ia
976 4549 1152 4614 domination
1178 4549 1342 4631 Frauqaise
1365 4555 1440 4614 cett.
