3130 5078
274 313 350 386 52⁰
575 325 716 382 Brennum
729 328 825 381 larua.
840 343 930 381 nrrsr.
944 343 980 379 nn
993 325 1089 378 luuoc.
1102 322 1144 378 lll.

275 495 407 588 dignum
444 496 506 566 deo
549 497 734 591 impendant
777 498 987 592 obsequium,
1026 501 1059 566 et
1100 492 1325 566 ecelesiastica
1365 491 1457 562 hona
1533 575 1541 591 .

276 628 488 707 conseruent,
523 625 616 695 etin
644 625 845 719 apostolicae
870 625 965 695 Sedis
993 623 1167 694 devotione
1194 621 1386 714 persistant,
1421 622 1460 686 et

275 749 482 842 parochianis
507 773 620 821 eorum
638 753 670 821 in
691 751 805 822 diuinis
827 751 941 822 officiis
961 758 995 822 et
1013 748 1245 820 ecclesiasticis
1262 744 1460 840 provideant

276 876 499 947 sacramentis.

367 1004 449 1089 Quia
473 1026 551 1074 vero
579 1005 722 1074 membra
745 1006 815 1075 sine
844 1005 950 1098 capite
977 1025 1042 1073 non
1069 1001 1264 1084 subsistunt,
1294 1022 1335 1069 ne
1357 999 1458 1068 iidem

280 1129 409 1214 clerici,
438 1129 466 1198 si
485 1129 606 1223 absque
625 1136 756 1202 rectore
774 1131 912 1215 luerint,
940 1128 1082 1224 acephali
1102 1129 1282 1211 videantur,
1306 1125 1459 1195 uolumus

279 1262 311 1326 et
330 1255 532 1339 mandamus,
553 1263 711 1350 quatenus
730 1257 887 1328 uniuersis
905 1256 1027 1327 Latinis
1046 1254 1189 1338 clericis,
1219 1252 1459 1344 cujuscumque

279 1382 425 1475 regionis
447 1388 481 1452 et
499 1383 606 1475 gentis
620 1383 706 1476 apud
721 1382 1033 1476 Constantinopolim
1048 1379 1246 1464 constitutis,
1266 1379 1460 1450 conuocatis

277 1511 309 1578 in
337 1531 452 1592 uuum,
479 1507 519 1579 de
545 1509 764 1602 praeficiendo
792 1510 838 1579 cis
861 1509 980 1580 idoneo
1005 1509 1192 1602 provisore,
1218 1509 1286 1578 viro
1305 1505 1462 1576 uidelicet

277 1635 381 1706 Deum
404 1635 556 1719 timente,
584 1643 649 1707 tam
674 1643 782 1708 aetate
810 1642 953 1719 maturo,
982 1658 1078 1728 quam
1100 1635 1234 1705 scientia
1259 1632 1460 1717 reverendo,

277 1767 450 1833 tractatum
469 1785 541 1832 curn
561 1763 607 1833 eis
626 1765 749 1855 pariter
773 1761 936 1844 habeatis,
962 1768 996 1833 et
1015 1785 1106 1846 eum,
1132 1762 1164 1830 in
1184 1783 1278 1854 quem
1296 1759 1461 1830 canonice

279 1889 527 1970 concordarint,
556 1891 751 1960 auctoritate
776 1895 889 1960 nostra
911 1895 1075 1959 rectorem
1098 1887 1293 1980 praeficiatis
1317 1884 1460 1968 eisdem,

280 2015 410 2086 anobis
436 2015 486 2086 rel
505 2013 638 2107 [regatis
662 2017 800 2098 nostris,
826 2038 907 2108 quos
928 1997 1238 2108 Constantinopolim
1257 2015 1288 2083 in
1306 2011 1460 2107 proximo

279 2142 447 2212 destinare
463 2139 673 2233 disponimus,
698 2141 963 2225 confirmandum,
989 2148 1025 2213 ut
1043 2165 1103 2236 per
1122 2164 1183 2211 nos
1203 2141 1252 2210 vel
1271 2163 1339 2222 eos,
1364 2139 1462 2233 quod

280 2267 430 2350 defuerit,
446 2266 570 2358 plenius
584 2267 783 2362 suppleatur.
804 2267 981 2338 Personam
996 2274 1114 2351 autem,
1130 2291 1213 2362 quae
1227 2268 1268 2338 ad
1286 2267 1348 2336 hoc
1367 2287 1461 2337 onus

277 2395 377 2465 luerit
403 2395 582 2476 nominata,
612 2394 652 2462 ad
679 2395 933 2488 suscipiendum,
962 2395 1049 2490 quod
1076 2395 1105 2464 ei
1133 2396 1231 2465 fuerit
1258 2393 1461 2464 auctoritate

278 2527 390 2590 nostra
403 2521 598 2612 impositum,
619 2543 684 2590 non
699 2523 803 2592 solum
818 2521 983 2605 inducere,
1003 2521 1062 2592 sed
1076 2522 1252 2593 monitione
1265 2521 1460 2614 praemissa,

277 2671 336 2741 per
351 2669 521 2718 censuram
536 2646 801 2731 ecclesiasticam,
817 2649 1031 2742 appellatione
1045 2650 1241 2742 postposita,
1257 2647 1462 2742 compellere

277 2775 480 2865 procuretis;
517 2775 699 2844 mandatum
737 2783 883 2846 nostrum
914 2775 1023 2846 taliter
1056 2773 1233 2868 impleturi,
1268 2775 1353 2868 quod
1385 2798 1461 2847 uon

277 2899 318 2970 de
345 2901 544 2993 negligentia
571 2900 785 2994 reprehendi,
816 2901 874 2972 sed
904 2901 943 2971 de
973 2901 1138 2994 diligentia
1168 2901 1314 2972 debeatis
1343 2903 1459 2996 potius

277 3025 506 3098 commendari.

365 3153 488 3241 Quodsi
508 3176 572 3223 non
592 3177 715 3239 omnes,
735 3161 799 3225 etc.
821 3161 890 3225 tres
909 3161 1062 3239 uestrum,
1082 3161 1146 3226 etc.

363 3279 480 3350 Datum
500 3280 616 3361 Bonus,
637 3281 723 3375 apud
742 3287 888 3352 sanctum
907 3283 1056 3364 Petrum,
1076 3281 1132 3352 Vll
1151 3283 1226 3353 ldus
1245 3283 1458 3369 Decembris,

276 3428 359 3476 anno
380 3408 529 3500 septimo.
1108 3405 1114 3418 ”

789 3587 940 3659 cxxvii.

525 3729 659 3793 balduini
676 3731 864 3815 imperatoris
881 3733 919 3795 ad
935 3733 1041 3814 lapan
1056 3734 1195 3814 epistola.

273 3853 439 3918 Poetarum
461 3855 545 3919 inter
565 3877 633 3920 eum
655 3863 686 3921 et
705 3857 828 3922 Venetos
850 3858 1000 3924 initorum
1015 3859 1277 3942 confimuotionem
1299 3860 1456 3944 postulat.

753 4001 783 4054 n.
797 3999 821 4054 u.
837 4000 905 4054 moa
917 3999 972 4072 (a).

360 4123 483 4188 lnnoc.
509 4123 543 4186 lll
569 4125 654 4206 epist.
683 4125 735 4190 lib.
761 4127 828 4197 Vll,
861 4149 908 4212 ep.
943 4125 1003 4191 ecl
1037 4129 1085 4191 ed.
1115 4128 1338 4212 Brdquigny
1361 4130 1398 4193 Τ.
1416 4132 1455 4200 lt.

271 4249 340 4314 pag.
359 4232 432 4296 618.
457 4232 679 4315 llaynaldus
703 4233 723 4296 l.
741 4235 759 4297 l.
778 4236 812 4298 ad
831 4255 937 4299 annum
957 4236 1052 4308 1205,
1071 4237 1103 4319 ᾧ.
1124 4237 1151 4298 1.

358 4365 568 4436 Sanctissimo
587 4368 672 4460 patri
692 4373 725 4437 et
744 4367 872 4439 domino
894 4368 1138 4459 l[uooceotio],
1164 4367 1224 4436 Dei
1243 4369 1449 4462 prouidentia

270 4512 393 4560 summo
405 4491 810 4588 Pontifici,B[uldainus],
822 4495 934 4566 eadem
945 4497 1051 4588 gratia
1061 4494 1264 4565 fidelissimus
1275 4495 1306 4565 in
1316 4495 1453 4567 Christo
