3110 5076
8 347 10 426 i
448 367 807 424 Gnrrsosunmurrlsrseu
820 370 880 425 dur.
1177 355 1248 428 201

81 537 220 610 creditor
247 537 370 612 habere
397 540 554 614 iusticiam
581 541 622 612 de
650 541 818 624 debitore;
856 542 884 612 si
912 545 1020 613 autem
1046 539 1096 611 bis
1124 539 1255 624 obierit,

8 697 10 838 p
81 661 155 761 de¹)
174 668 351 741 heredibus
370 669 452 740 eius.

8 863 10 890 p
164 794 283 878 item,
309 796 336 865 si
355 795 502 868 inimicus
522 797 731 892 imperatorie
752 797 952 870 celsitudinis
971 797 1198 890 superuenerit
1216 794 1257 865 ad

8 905 10 1024 ξ
81 920 329 1014 impugnandum
355 929 476 992 terram
501 923 628 1017 lmperij
654 947 784 1004 eorum,
813 925 845 994 in
870 918 970 1017 qua’)
997 923 1142 994 Venetici
1168 929 1256 1005 sunt,

8 1039 10 1154 ζ
82 1045 197 1118 debent
214 1049 276 1143 ipsi
295 1048 473 1120 defendere
491 1072 574 1132 eam,
600 1055 635 1120 et
653 1051 812 1122 inimicum
832 1051 994 1146 erpellere
1014 1051 1054 1120 ab
1074 1048 1257 1120 huiusmodi

80 1182 177 1259 terra,
196 1175 307 1246 uelluti
326 1183 476 1271 possunt,
495 1177 580 1248 bona
599 1177 662 1248 fide
681 1184 715 1249 et
733 1179 803 1250 sine
821 1178 948 1250 fraude.

8 1273 10 1376 i
167 1301 257 1374 Hanc
276 1305 384 1397 itaque
404 1304 653 1376 conuentioncm
676 1303 800 1378 firmam
820 1313 855 1376 et
873 1311 1108 1377 sacramentum
1131 1305 1256 1374 firmum

8 1385 10 1462 i
80 1429 222 1502 Venetici
242 1431 477 1514 obserendum,
497 1437 531 1502 et
549 1455 654 1528 neque
674 1433 716 1504 ob
736 1433 855 1505 illatam
875 1436 921 1506 eis
940 1435 1020 1504 irem
1039 1457 1167 1535 semper
1186 1455 1257 1504 me-

80 1557 222 1628 morandi
243 1557 452 1653 Imperatoris
469 1558 751 1654 porphyrogeniti,
771 1560 890 1632 domini
905 1561 1072 1643 manuelis,
1092 1583 1196 1652 neque
1216 1559 1259 1631 ob

79 1685 212 1778 aliquam
238 1685 331 1756 aliam
360 1685 567 1756 occasionem
595 1686 643 1756 eis
669 1687 787 1758 iactam
810 1687 992 1760 huiusmodi
1018 1695 1258 1758 sacramentum

8 1775 10 1848 Ι
79 1813 271 1906 iniringmt,
299 1835 403 1906 neque
422 1813 465 1884 ob
483 1821 672 1906 preceptuun
690 1815 743 1886 uel
762 1816 908 1886 timorem
926 1815 1059 1886 alicuius
1078 1820 1258 1885 coronato-

79 1964 147 2010 rum
166 1941 219 2012 nel
239 1964 305 2010 non
320 1933 605 2033 coronatorum),
625 1965 730 2034 neque
744 1940 786 2012 ob
802 1943 1057 2014 ecclesiasticam
1072 1941 1257 2013 excomuni-

78 2067 242 2138 caeionem
262 2067 314 2138 uel
332 2067 569 2140 absolutionem
590 2069 723 2140 alicuius
746 2071 951 2163 pontificum,
975 2077 1032 2140 aut
1055 2071 1155 2163 ipsius
1175 2091 1259 2164 pape

78 2193 222 2264 Romani.
256 2195 359 2287 Igitur
384 2193 447 2265 boe
476 2197 582 2266 omnia
608 2195 752 2268 Venetici
779 2197 1003 2269 obseruabunt
1024 2198 1110 2269 bona
1137 2195 1200 2266 fide
1227 2201 1261 2266 et

78 2321 290 2402 sinemuro,
311 2345 480 2414 quousque
499 2328 532 2394 et
551 2323 591 2393 ab
611 2323 749 2416 imperio
770 2325 839 2394 eius
859 2331 892 2396 et
911 2325 1027 2396 suturis
1048 2323 1258 2418 imperatori-

77 2445 135 2518 bus
149 2451 281 2542 integre
297 2455 534 2520 conseruentur
548 2472 598 2532 ea,
619 2473 683 2542 que
695 2451 929 2542 promittuntur
942 2441 1075 2541 nobis⁴)
1095 2474 1114 2520 a
1128 2449 1257 2520 domino

76 2577 276 2668 imperatore
304 2577 523 2647 Romanorum
550 2582 584 2646 et
611 2601 740 2670 semper
766 2585 926 2671 augusto,
955 2578 1085 2650 domino
1111 2577 1258 2670 Vsaalryo

77 2703 204 2796 Angeto
222 2726 283 2796 per
301 2703 530 2795 obrysobutum
551 2703 677 2797 imperij
698 2704 778 2774 eius.
797 2787 800 2793 Ι

162 2833 234 2902 Hoc
253 2831 385 2925 quidem
403 2838 491 2914 sunt,
511 2855 574 2924 que
593 2831 738 2903 Venetici
758 2833 896 2927 imperio
917 2841 1032 2904 nostro
1053 2837 1087 2902 et
1104 2832 1260 2904 Romenie

79 2983 136 3052 per
159 2959 416 3030 conuentionem
445 2957 703 3051 spoponderunt.
739 2959 899 3045 Quoniam
925 2981 1004 3030 uero
1030 2964 1064 3030 ct
1087 2983 1147 3053 per
1170 2962 1259 3028 inra-

81 3094 220 3158 mentum
245 3085 306 3157 bec
331 3084 445 3156 eadem
470 3087 658 3156 manifestus
681 3085 833 3157 uidelicet
856 3087 927 3158 Dux
947 3087 1081 3158 Venetie
1101 3093 1136 3158 et
1154 3086 1259 3158 mani-

80 3214 151 3284 festi
175 3213 323 3283 Venetici
348 3212 638 3292 confirmauerunt‚
665 3212 793 3307 lmperij
821 3215 925 3286 nostri
951 3213 1120 3286 clementia
1146 3213 1259 3284 buius·

80 3343 162 3414 modi
196 3364 311 3412 eorum
345 3340 594 3410 conuentionem
626 3340 806 3412 iuramento
839 3341 1087 3412 corroboratam
1120 3341 1262 3434 benigne

82 3471 240 3562 recipiens
248 3462 293 3558 ⁵),
312 3468 344 3537 in
356 3466 525 3560 pristinam
539 3467 698 3546 unionem,
718 3489 812 3560 quum
826 3490 899 3537 cum
913 3468 1069 3537 Romania
1088 3466 1262 3549 habebant,

81 3619 135 3666 eos
155 3593 310 3666 restituit.
340 3593 383 3664 m
402 3615 565 3664 renouans
591 3591 785 3685 obrysobula
812 3592 858 3661 eis
882 3594 969 3662 tacta
988 3593 1028 3662 ab
1047 3592 1134 3665 inter
1152 3597 1260 3688 Impe-

81 3713 243 3812 ratores⁶)
267 3743 397 3814 sempor
417 3717 626 3788 memorando
646 3716 918 3811 Imperatorem)
939 3723 972 3788 et
993 3725 1112 3811 patruo
1133 3719 1261 3815 imperij

82 3851 194 3932 nostri,
215 3847 337 3918 domini
357 3845 511 3916 Manuelis
528 3845 694 3929 Comnani,
714 3844 874 3938 promittit
892 3867 952 3936 per
970 3867 1064 3915 suum
1078 3845 1263 3939 obrysobu-

82 3973 142 4044 lum
160 3973 311 4052 uerbum,
332 3995 390 4042 cos
410 3971 601 4042 conuersari
620 3973 651 4039 in
672 3971 827 4040 uniuersis
847 3971 946 4040 terris
966 3975 1080 4040 nostre
1098 3973 1151 4064 pic
1170 3980 1264 4042 tran-

83 4102 243 4195 quillitatis
255 4123 317 4196 per
331 4105 454 4172 terram
469 4105 503 4170 et
516 4121 576 4192 per
591 4121 678 4168 mare
693 4097 816 4190 absque
831 4097 917 4168 omni
933 4097 1066 4167 datione
1085 4098 1265 4170 seeundum

108 4399 134 4472 Ι)
151 4401 179 4455 is
197 4401 290 4455 obiet
309 4402 348 4454 ab
367 4403 401 4456 u.
725 4395 752 4469 ⁸)
773 4397 849 4451 deest
860 4413 903 4468 cp.
916 4397 950 4451 bi.

107 4489 135 4562 ²)
153 4493 209 4546 nbi
229 4495 262 4546 et
281 4491 312 4544 in
333 4509 396 4562 qna
415 4492 448 4546 Μ.
725 4487 752 4560 ⁶)
773 4488 879 4559 excip.
896 4488 929 4540 u.

108 4579 136 4654 Ι)
153 4583 244 4638 Pont.
257 4583 384 4636 Roman.
400 4583 443 4638 bic
456 4583 529 4638 addit
541 4582 574 4635 u.
725 4577 753 4651 ⁸)
772 4580 829 4633 int.
842 4579 918 4649 Imp.
931 4576 1026 4632 desunt
1037 4593 1079 4650 ap.
1092 4579 1127 4634 dd.
