3110 5080
273 361 351 434 460
677 377 814 432 Pharsalo
827 391 913 432 anons
927 377 1045 432 Gauron.

362 540 460 606 Primo
481 542 574 626 igitur
597 543 636 608 de
661 564 784 608 numero
815 545 939 630 partium
963 544 1028 608 siae
1054 543 1222 628 portionum
1250 541 1450 631 quaerendum,

273 671 339 736 quae
362 653 488 735 singulis
509 654 687 727 victoribus.
710 655 730 717 i.
748 674 774 716 e.
797 653 873 717 Duci
889 653 1094 725 venetiarum,
1118 654 1290 738 Imperatori
1313 652 1453 720 Flandro.

273 759 445 843 Peregrinis
468 761 655 846 obtigerunt:
681 783 748 826 mox
770 763 807 828 de
830 762 957 845 singulis
979 764 1123 827 victorum
1139 761 1322 834 ridebimus,
1344 761 1452 848 quibus

271 869 318 934 bae
334 876 434 954 partes
451 870 688 954 assignabantur.

363 980 454 1043 Index
481 986 583 1045 noster
609 981 829 1064 geographious
857 981 913 1044 tria
937 983 1063 1065 partium
1088 982 1153 1046 sive
1175 982 1344 1066 portionum
1373 981 1455 1064 paria

275 1095 442 1153 enumerat:
465 1096 496 1153 et
517 1089 642 1172 primum
667 1090 786 1175 quidem
809 1111 864 1174 par
879 1089 990 1154 domini
1006 1091 1097 1154 Ducis
1114 1089 1320 1164 venetiarum
1345 1111 1456 1155 secun·

272 1198 341 1262 dum
369 1197 478 1262 donnini
507 1198 711 1283 imperatoris;
741 1199 861 1264 tertium
889 1199 1129 1282 Peregrinarum.
1166 1200 1223 1264 Ubi
1253 1201 1456 1264 annotandum

274 1308 400 1379 uidetur,
416 1307 446 1370 in
459 1308 565 1372 codice
578 1309 627 1372 St.
641 1310 758 1374 ltlarci
772 1309 897 1394 primum
910 1329 965 1394 par
978 1310 1094 1374 domino
1106 1310 1281 1394 imperatori
1295 1311 1456 1392 assignari,

275 1418 436 1482 secundum
454 1417 572 1482 domino
589 1419 674 1490 Doni,
696 1420 816 1483 tertium
840 1419 1022 1503 Peregrinis.
1047 1419 1098 1484 Ha
1113 1425 1177 1483 tres
1194 1437 1333 1502 persone
1351 1437 1458 1482 resera

273 1533 365 1592 totum
389 1549 498 1611 corpus
520 1527 670 1593 exercitui
691 1525 928 1598 constituebant,
954 1524 1075 1590 exclusa
1096 1527 1247 1589 etiamtum
1263 1527 1369 1609 quarta
1387 1544 1456 1606 per·

274 1659 362 1711 sona,
386 1637 602 1702 hlontislerrati
631 1637 817 1707 marchione,
846 1636 1008 1700 bonifacio.
1039 1637 1194 1700 Portiones
1217 1635 1306 1700 dictas
1329 1652 1398 1695 num
1420 1634 1457 1698 ad

274 1749 414 1812 amussim
429 1748 516 1812 iacta
529 1752 559 1811 et
575 1747 806 1832 circumscriptae
822 1746 944 1822 luerint,
961 1765 1065 1818 necne,
1082 1765 1167 1810 nemo
1184 1745 1287 1828 id'jam
1305 1745 1457 1810 scrutabi-

273 1861 332 1921 tur.
350 1857 404 1919 llst
415 1859 493 1920 enim
506 1877 543 1918 ne
555 1855 586 1920 id
598 1857 716 1940 quidem
729 1856 921 1940 exploratum,
938 1875 1059 1919 suamne
1069 1856 1195 1941 qruisque
1206 1861 1322 1940 partem
1339 1853 1457 1940 (sermo

273 1971 321 2030 est
336 1965 374 2028 de
390 1965 516 2049 singulis
532 1964 682 2048 equitibus
699 1964 871 2029 feudatariis
888 1963 978 2048 cett.)
995 1985 1101 2027 revera
1118 1965 1272 2050 acceperit
1288 1969 1319 2028 ct
1336 1963 1456 2035 adierit,

274 2072 342 2139 coll.
366 2074 434 2137 Asia
461 2076 590 2146 minore,
618 2073 702 2156 cnjus
725 2073 816 2138 urbes
840 2073 953 2156 aliquot
977 2073 1086 2139 Franci
1107 2079 1256 2138 tentantes
1278 2071 1367 2136 breri
1389 2077 1457 2158 post

273 2182 370 2268 (circa
387 2203 493 2246 annum
514 2181 616 2268 1207)
635 2202 671 2247 ex
687 2183 766 2246 omni
781 2181 851 2244 lisia
868 2187 1075 2254 recesserunt;
1092 2187 1171 2246 totus
1188 2201 1259 2246 vero
1274 2181 1327 2245 ille
1343 2187 1455 2245 tractus

272 2291 445 2375 imperatori
461 2291 620 2373 obtigerat.
639 2291 748 2354 indicis
765 2291 860 2376 ipsius
872 2293 918 2354 vis
935 2294 965 2352 et
981 2292 1057 2354 ratio
1070 2295 1118 2354 cst
1135 2311 1217 2354 mere
1233 2289 1454 2375 geographiam

272 2403 433 2471 enumerat,
456 2400 497 2463 nil
514 2401 603 2473 aliud,
626 2398 741 2464 urbium
758 2400 873 2464 nomina
890 2401 964 2464 satis
982 2400 1081 2471 multa,
1099 2420 1195 2484 eaque
1210 2401 1241 2463 in
1256 2400 1454 2484 tresportio·

273 2531 328 2575 nes
345 2517 481 2594 separat,
505 2509 692 2574 Venetiurnm
716 2509 817 2580 Ducis,
842 2509 1042 2594 imperatoris,
1064 2509 1306 2591 Peregrinorum.
1332 2509 1451 2574 Omissa

273 2625 321 2684 est
337 2618 403 2691 alia,
421 2623 524 2704 quarta
539 2621 646 2703 portio,
671 2619 709 2683 de
725 2640 782 2704 qna
799 2625 859 2683 tum
876 2619 1003 2684 nondum
1020 2621 1111 2684 statui
1127 2621 1309 2706 decernique
1325 2625 1452 2704 poterat,

272 2728 305 2793 id
333 2736 380 2792 est
406 2729 504 2812 portio
531 2729 711 2793 marchionis
739 2729 899 2799 Boniiacii,
928 2729 991 2792 sive
1019 2749 1143 2812 regnum
1168 2729 1454 2794 Thessalonicense.

273 2838 389 2900 Revera
406 2837 533 2901 omissus
550 2843 596 2900 est
611 2839 641 2899 in
657 2837 757 2900 indice
773 2841 875 2902 nostro
888 2841 968 2900 totus
981 2838 1032 2901 ille
1042 2839 1182 2902 Thraciae
1195 2859 1260 2902 cnm
1277 2837 1455 2903 hlacedonia

259 2953 396 3034 tractus,
411 2948 460 3032 qui
473 2948 551 3010 inter
564 2945 692 3011 Hebrum
705 2945 865 3034 (Maricam
879 2947 1072 3033 interiorem)
1085 2955 1115 3012 et
1126 2949 1228 3013 Axium
1243 2947 1455 3035 (bardarium)

274 3057 363 3139 longo
380 3056 476 3140 spatio
492 3059 589 3138 patet,
612 3055 755 3140 breuique
771 3063 840 3138 post
855 3075 980 3136 regnum
996 3055 1268 3121 Thessalonicensc
1284 3057 1456 3128 constituit;

274 3185 340 3230 eum
357 3185 428 3228 vero
445 3163 505 3227 Nos
522 3163 644 3228 uberius
659 3164 834 3249 quandoque
858 3165 1068 3228 illustravimus
1091 3166 1122 3228 in
1140 3165 1203 3229 Viae
1219 3166 1355 3248 Egnatia
1373 3185 1455 3229 com·

152 3339 154 3343 ,
276 3275 457 3339 mentatione
474 3273 615 3338 secunda.

365 3382 435 3446 llaec
447 3383 540 3466 igitur
551 3382 588 3446 de
599 3383 695 3446 tribus
707 3381 892 3465 portionibus
905 3383 991 3465 regni
1003 3381 1113 3447 Graeci
1126 3383 1306 3466 originariis.
1326 3383 1458 3466 Quatuor

276 3493 411 3574 ejusdem
442 3493 528 3575 regni
558 3492 712 3576 portiones
744 3490 793 3554 alii
823 3495 957 3555 veterum
987 3493 1154 3576 scriptores
1188 3493 1323 3568 tradunt,
1359 3491 1459 3555 addita

278 3603 391 3666 minore
418 3603 535 3686 quinta,
564 3602 601 3664 de
624 3601 731 3685 quibus
754 3601 909 3665 videantur
931 3601 1104 3666 Graecorum
1126 3608 1156 3666 et
1178 3603 1351 3665 Latinorum
1373 3603 1458 3664 testi·

277 3713 372 3774 monia
401 3730 491 3793 supra
521 3709 617 3772 allata.
657 3709 737 3791 llrgo
763 3709 824 3791 jam
857 3717 1029 3773 accesserat
1062 3711 1148 3794 regni
1175 3709 1457 3774 Thessalonicensis

274 3821 707 3902 institutio,utnonaportio
732 3818 939 3902 suaquarta,
969 3826 999 3882 et
1026 3820 1146 3905 quidem
1173 3821 1233 3884 line
1261 3821 1330 3882 anni
1362 3815 1457 3883 1204.

275 3928 421 4013 aliudque
442 3927 545 3990 eodem
568 3929 631 3990 lere
655 3932 791 4009 tempore
817 3928 960 3999 accessit,
989 3929 1053 3990 sive
1074 3929 1178 3992 titulus
1202 3928 1253 3991 ille
1275 3928 1455 3992 Venetorum

278 4037 378 4109 Ducis,
397 4036 447 4120 qui
462 4037 571 4099 dehinc
584 4033 740 4098 dicebatur
759 4035 893 4098 dominus
911 4044 1058 4120 quartae
1076 4039 1206 4120 partis
1223 4037 1409 4100 Romania
1424 4039 1459 4098 et

277 4145 467 4218 dimidiae;
496 4163 562 4229 quae
590 4144 710 4207 dimidia
738 4159 797 4226 pro·
816 4149 929 4227 quarte
957 4144 1095 4217 dimidia,
1124 4145 1143 4207 i.
1173 4165 1199 4208 e.
1227 4150 1332 4218 octava
1358 4146 1457 4215 totins,

276 4255 417 4319 sumenda
445 4258 508 4327 est,
541 4253 609 4318 coll.
643 4251 811 4335 Georgio
844 4255 1070 4337 Acropolita
1110 4253 1129 4315 l.
1163 4273 1189 4317 o.
1220 4253 1349 4317 Scilicet
1385 4250 1457 4315 Duci

277 4365 467 4429 venetiarum
488 4361 609 4426 honoris
637 4381 727 4424 cansa
754 4363 960 4444 prerogativae
988 4362 1105 4446 quidam
1134 4361 1235 4425 titulus
1259 4361 1457 4424 conferendus

279 4495 349 4538 esse
376 4471 549 4543 uidebatur;
583 4471 705 4555 dequo
732 4471 867 4535 videatur
897 4471 1072 4534 Andreas
1105 4469 1309 4537 Dandulus
1336 4471 1366 4533 in
1395 4471 1457 4534 loco

203 4585 208 4592 '
282 4602 369 4666 supra
392 4600 461 4664 pag.
479 4579 544 4642 292
562 4579 659 4643 allato.
677 4578 752 4643 liinc
767 4579 877 4666 reliqui
894 4599 1011 4666 quoque
1029 4581 1128 4645 Duces
1149 4579 1338 4644 venetiarum
1355 4580 1456 4645 eodem
