3110 5076
333 383 425 440 Error.
438 382 532 438 lnncc.
544 382 577 438 lll
590 399 625 438 nr
639 398 727 436 annuo
741 399 770 440 ιιι
784 383 960 442 Saaacuuos.
1158 375 1228 448 231

64 555 241 628 innubis?
276 555 416 650 Negabit
445 556 541 626 etiam
571 577 685 626 seruus
713 555 843 629 domino
872 556 997 630 diuitias
1024 558 1233 653 temporales,

65 707 138 754 cum
158 683 306 756 dominus
325 706 421 756 seruo
442 683 566 756 diuitias
584 683 741 778 largiatur
759 689 920 769 aeternas,
939 707 1019 780 quas
1039 709 1100 758 neo
1119 686 1234 758 oculus

65 812 153 894 uidit,
178 835 241 882 nec
259 812 344 882 auris
363 811 495 893 audiuit,
515 833 577 882 nec
596 812 627 882 iu
646 832 705 882 cor
722 809 860 884 hominis
878 812 1121 886 ascenderunt?
1147 814 1235 886 Tbe-

66 940 207 1010 saurizet
225 940 324 1032 igitur
337 939 436 1011 bomo
451 938 624 1010 thesauros
639 939 669 1009 in
684 937 796 1023 coelis,
810 938 864 1011 nbi
883 941 974 1012 sures
988 964 1053 1014 non
1067 941 1234 1025 effodiunt,

65 1089 126 1138 nec
145 1067 314 1148 furantem
333 1066 389 1138 ubi
407 1089 468 1136 nec
488 1088 623 1160 aerugo,
644 1089 705 1138 nec
722 1067 809 1137 tinea
828 1067 1008 1140 demolitur.

154 1194 277 1266 Omnes
292 1200 326 1264 et
338 1194 456 1287 singuli
472 1194 684 1286 accingantur
698 1196 753 1277 ita,
768 1195 855 1288 quod
873 1196 906 1266 in
924 1197 1068 1290 proxime
1086 1195 1235 1290 sequenti

2 1413 3 1424 ἵ
66 1323 180 1392 llartio
199 1321 362 1414 quaelibet
379 1323 478 1394 urbes
497 1343 629 1415 perse,
654 1320 798 1393 similiter
817 1328 851 1393 et
869 1323 1012 1396 Comites
1031 1329 1065 1394 et
1088 1323 1235 1394 Barones

62 1449 152 1541 juxta
171 1448 343 1520 facultates
361 1449 510 1542 proprias
525 1448 565 1520 ad
580 1447 802 1520 defensionem
815 1454 924 1520 terrae
943 1448 1116 1521 natiuitatis
1130 1449 1236 1521 domi·

66 1577 157 1648 nicae
186 1581 311 1646 certum
339 1575 370 1644 in
397 1576 547 1669 expensis
574 1575 641 1646 suis
669 1575 811 1669 dirigant
838 1597 1004 1648 numerum
1030 1575 1234 1660 bellatorum,

66 1703 125 1774 illic
138 1703 255 1774 saltem
269 1725 328 1794 per
338 1702 499 1772 biennium
510 1708 719 1774 moraturum.
738 1701 831 1774 Licet
841 1709 947 1774 autem
961 1703 1110 1774 instantia
1123 1710 1235 1774 nostra

66 1831 226 1902 cotidiana
236 1829 278 1900 sit
287 1829 427 1900 omnium
437 1827 655 1900 Ecclesiarum
664 1828 836 1900 solicitudo
846 1831 1010 1913 continua,
1021 1831 1118 1904 modo
1128 1838 1235 1903 nmen

2 1983 3 2056 ᾗ
65 1956 246 2052 hancquasi
257 1957 461 2050 praecipuam
471 1955 1235 2053 interaliassolicitudiuesreputamus,perquam

2 2145 3 2180 ,
65 2091 175 2156 terrae
185 2083 332 2156 orientali
342 2083 419 2154 totis
431 2083 651 2155 desideramus
666 2083 834 2154 affectibus
844 2084 1033 2166 subvenire3
1046 2107 1099 2169 ne,
1110 2087 1137 2156 si
1149 2085 1236 2158 torte

67 2212 164 2284 inerit
173 2211 272 2284 dilata
282 2211 462 2294 subventio,
476 2209 640 2282 residuum
649 2209 796 2282 locustae
805 2210 955 2282 comedat
966 2212 1098 2297 brucus,
1115 2215 1235 2284 etliant

2 2329 3 2332 ¹
67 2341 237 2412 norissima
252 2339 414 2410 deteriora
428 2337 600 2431 prioribus.
620 2336 738 2408 Verum
752 2357 794 2406 ne
807 2359 868 2410 uos
882 2335 952 2408 aliis
966 2361 1066 2410 onera
1079 2341 1191 2433 gravia
1202 2347 1237 2410 et

68 2467 281 2562 importabilia
295 2467 460 2560 imponere
474 2465 647 2548 videamur,
667 2463 770 2557 digito
786 2470 893 2534 antem
912 2472 1025 2538 nosbo
1046 2490 1084 2537 ea
1104 2490 1236 2538 mouere

70 2594 219 2677 nolimus,
231 2593 376 2664 dicentes
386 2599 521 2676 tantum,
536 2599 569 2663 et
582 2598 637 2662 aot
650 2589 725 2662 nihil
736 2597 791 2661 aut
801 2592 959 2664 minimum
969 2592 1137 2676 iacientes,
1153 2617 1237 2677 cum,

70 2723 120 2814 qui
137 2721 256 2792 fecerit
274 2727 307 2791 et
320 2721 480 2802 docuerit,
500 2743 636 2812 magnus
650 2725 784 2790 uocetur
802 2719 833 2788 in
848 2743 951 2812 regno
966 2718 1145 2804 coelorum,
1165 2721 1238 2813 cJus

69 2849 225 2944 exemplo,
245 2849 297 2941 qui
312 2851 421 2944 coepit
437 2849 549 2918 facere
563 2853 596 2918 ct
610 2846 741 2929 docere,
761 2851 843 2916 utet
855 2869 928 2931 nos,
947 2847 1011 2940 qui,
1029 2846 1106 2918 lieet
1123 2847 1236 2918 imme-

69 2976 137 3059 riti,
165 2976 267 3046 ricem
293 2977 365 3068 ejus
389 2997 576 3046 exercemus
595 2973 760 3056 interris,
786 2973 905 3043 bonum
931 2972 1000 3044 aliis
1026 2974 1237 3068 praebeamus

69 3101 258 3195 exemplum,
277 3103 310 3172 in
328 3101 476 3196 personis
494 3102 614 3193 pariter
629 3107 663 3171 et
680 3099 823 3170 inrebus
842 3105 1098 3172 terracsanotae
1117 3101 1235 3173 decre·

68 3229 167 3300 rimus
186 3229 377 3309 subuenire3
396 3227 523 3300 dilectis
541 3227 613 3298 liliis
631 3227 764 3309 nostris,
783 3226 949 3320 Stephano
968 3227 1018 3300 tit.
1034 3231 1070 3302 S.
1085 3229 1238 3300 Praxedis

4 3371 6 3440 l
70 3353 264 3448 Presbytero
282 3362 316 3426 et
334 3355 432 3428 Petro
445 3356 495 3426 tit.
510 3357 546 3426 S.
562 3353 681 3426 llariae
699 3353 732 3422 in
750 3353 882 3424 vialata
901 3354 1057 3436 bissono,
1078 3355 1234 3426 Cardine-

4 3479 5 3484 ’
68 3480 162 3564 libus,
187 3481 388 3575 apostolicae
407 3482 495 3554 sedis
514 3481 658 3575 Legatis,
684 3481 759 3550 uiris
778 3480 889 3575 utique
906 3481 1076 3566 timoratis,
1101 3482 1237 3553 scientia

4 3659 6 3718 p
69 3617 100 3679 ct
118 3607 293 3680 honestate
317 3608 508 3703 praeclaris,
535 3607 748 3701 potentibus
740 3630 773 3676 m
793 3631 894 3701 opere
914 3615 948 3680 et
967 3631 1131 3693 sermone,
1157 3631 1239 3703 quos

4 3719 1238 3836 'mmmwmwmmmm,mm·

5 3865 135 3956 pria
149 3863 260 3934 erucis
273 3862 474 3956 signaculum
492 3863 705 3956 imponentes,
725 3861 778 3954 qui
797 3861 970 3934 exercitum
989 3863 1117 3934 Domini
1136 3865 1240 3935 bumi-

5 3995 6 4052 ἐ
67 3988 140 4060 liter
165 3997 202 4059 et
226 3987 344 4059 devote
369 3989 582 4084 praecedant,
612 3994 646 4058 et
669 4009 736 4058 non
760 3989 947 4060 mendicatis
975 3990 1154 4084 suffragiis,
1181 3989 1241 4061 sed

5 4137 7 4224 p
68 4117 189 4188 nostris
209 4122 243 4186 et
260 4114 396 4187 fratrum
414 4123 600 4188 nostrorum
623 4113 802 4208 sumptibus
821 4121 1055 4200 sustententur,
1080 4140 1140 4211 per
1159 4140 1241 4210 quos

69 4244 162 4316 ctiam
176 4241 265 4314 alind
278 4251 465 4337 competens
479 4241 656 4314 subsidium
675 4241 779 4312 eidem
798 4250 906 4314 terrae
925 4243 1123 4337 disponimus
1138 4243 1241 4315 desti-

69 4394 156 4442 nare.
187 4369 319 4440 Interim
343 4377 449 4442 autem
477 4369 597 4458 dictum
621 4370 751 4440 Petrum
771 4375 902 4441 sanctae
920 4371 1039 4442 Mariae
1058 4372 1090 4441 in
1109 4371 1159 4442 uia
1175 4369 1241 4442 lata

69 4497 247 4569 Diaconum
262 4496 358 4568 Oard.
374 4497 415 4568 ad
432 4498 671 4568 carissimorum
690 4495 721 4566 in
737 4497 867 4570 Christo
886 4498 1023 4569 filiorum
1042 4505 1254 4588 nostrorum,

71 4622 202 4720 Philippi
231 4625 428 4696 Francorum
460 4633 493 4696 et
519 4622 669 4696 Richardi
699 4622 878 4720 Anglorum
906 4625 1030 4720 Regum
1057 4627 1241 4712 Illustrium,
