<?xml version="1.0" encoding="UTF-8"?>
<!DOCTYPE html PUBLIC "-//W3C//DTD XHTML 1.0 Transitional//EN"
    "http://www.w3.org/TR/xhtml1/DTD/xhtml1-transitional.dtd">
<html xmlns="http://www.w3.org/1999/xhtml" xml:lang="en" lang="en">
 <head>
  <title>
</title>
<meta http-equiv="Content-Type" content="text/html;charset=utf-8" />
  <meta name='ocr-system' content='tesseract 3.04.00' />
  <meta name='ocr-capabilities' content='ocr_page ocr_carea ocr_par ocr_line ocrx_word'/>
</head>
<body>
  <div class='ocr_page' id='page_1' title='image "./fontesrerumaust07kommgoog_0532.png"; bbox 0 0 3130 5078; ppageno 0'>
   <div class='ocr_carea' id='block_1_1' title="bbox 419 276 1303 347">
    <p class='ocr_par' dir='ltr' id='par_1_1' title="bbox 419 276 1303 347">
     <span class='ocr_line' id='line_1_1' title="bbox 419 276 1303 347; baseline 0.003 -3"><span class='ocrx_word' id='word_1_1' title='bbox 419 289 559 344; x_wconf 79' lang='lat' dir='ltr'><strong>ltnnnumr</strong></span> <span class='ocrx_word' id='word_1_2' title='bbox 571 289 669 344; x_wconf 79' lang='lat' dir='ltr'><strong>lunen.</strong></span> <span class='ocrx_word' id='word_1_3' title='bbox 682 307 775 345; x_wconf 79' lang='lat' dir='ltr'><strong>srrsr.</strong></span> <span class='ocrx_word' id='word_1_4' title='bbox 789 307 826 344; x_wconf 82' lang='lat' dir='ltr'><strong>nn</strong></span> <span class='ocrx_word' id='word_1_5' title='bbox 840 289 938 344; x_wconf 82' lang='lat' dir='ltr'><strong>lnrcoc.</strong></span> <span class='ocrx_word' id='word_1_6' title='bbox 951 288 996 342; x_wconf 94' lang='lat' dir='ltr'><strong>Ill.</strong></span> <span class='ocrx_word' id='word_1_7' title='bbox 1226 276 1303 347; x_wconf 80' lang='grc'><strong>509</strong></span> 
     </span>
    </p>
   </div>
   <div class='ocr_carea' id='block_1_2' title="bbox 111 458 1308 1792">
    <p class='ocr_par' dir='ltr' id='par_1_2' title="bbox 111 458 1308 1792">
     <span class='ocr_line' id='line_1_2' title="bbox 112 458 1305 554; baseline -0.003 -24"><span class='ocrx_word' id='word_1_8' title='bbox 112 461 340 552; x_wconf 78' lang='lat' dir='ltr'><strong>apostolorum</strong></span> <span class='ocrx_word' id='word_1_9' title='bbox 354 461 510 552; x_wconf 90' lang='lat' dir='ltr'><strong>principis</strong></span> <span class='ocrx_word' id='word_1_10' title='bbox 525 481 644 530; x_wconf 94' lang='lat' dir='ltr'><strong>nomen</strong></span> <span class='ocrx_word' id='word_1_11' title='bbox 658 460 769 530; x_wconf 91' lang='lat' dir='ltr'><strong>audire</strong></span> <span class='ocrx_word' id='word_1_12' title='bbox 784 462 834 530; x_wconf 83' lang='lat' dir='ltr'><strong>rix</strong></span> <span class='ocrx_word' id='word_1_13' title='bbox 849 468 992 554; x_wconf 80' lang='lat' dir='ltr'><strong>poterat,</strong></span> <span class='ocrx_word' id='word_1_14' title='bbox 1013 482 1075 530; x_wconf 88' lang='lat' dir='ltr'><strong>nec</strong></span> <span class='ocrx_word' id='word_1_15' title='bbox 1089 481 1183 530; x_wconf 89' lang='lat' dir='ltr'><strong>unam</strong></span> <span class='ocrx_word' id='word_1_16' title='bbox 1200 458 1305 529; x_wconf 90' lang='lat' dir='ltr'><strong>cidem</strong></span> 
     </span>
     <span class='ocr_line' id='line_1_3' title="bbox 111 585 1306 680; baseline -0.001 -25"><span class='ocrx_word' id='word_1_17' title='bbox 111 587 199 657; x_wconf 89' lang='lat' dir='ltr'><strong>inter</strong></span> <span class='ocrx_word' id='word_1_18' title='bbox 219 587 366 657; x_wconf 88' lang='lat' dir='ltr'><strong>Graecos</strong></span> <span class='ocrx_word' id='word_1_19' title='bbox 385 585 567 656; x_wconf 76' lang='lat' dir='ltr'><strong>Ecclesiam</strong></span> <span class='ocrx_word' id='word_1_20' title='bbox 593 586 818 670; x_wconf 85' lang='lat' dir='ltr'><strong>concedebat,</strong></span> <span class='ocrx_word' id='word_1_21' title='bbox 848 587 902 680; x_wconf 91' lang='lat' dir='ltr'><strong>qui</strong></span> <span class='ocrx_word' id='word_1_22' title='bbox 919 589 1063 658; x_wconf 90' lang='lat' dir='ltr'><strong>omnium</strong></span> <span class='ocrx_word' id='word_1_23' title='bbox 1082 587 1306 657; x_wconf 83' lang='lat' dir='ltr'><strong>Ecclesiarum</strong></span> 
     </span>
     <span class='ocr_line' id='line_1_4' title="bbox 113 710 1306 806; baseline -0.003 -24"><span class='ocrx_word' id='word_1_24' title='bbox 113 713 244 805; x_wconf 87' lang='lat' dir='ltr'><strong>accepit</strong></span> <span class='ocrx_word' id='word_1_25' title='bbox 264 710 397 804; x_wconf 89' lang='lat' dir='ltr'><strong>abipso</strong></span> <span class='ocrx_word' id='word_1_26' title='bbox 416 713 556 782; x_wconf 86' lang='lat' dir='ltr'><strong>llomino</strong></span> <span class='ocrx_word' id='word_1_27' title='bbox 576 712 805 805; x_wconf 81' lang='lat' dir='ltr'><strong>principatum.</strong></span> <span class='ocrx_word' id='word_1_28' title='bbox 835 713 924 783; x_wconf 88' lang='lat' dir='ltr'><strong>llaec</strong></span> <span class='ocrx_word' id='word_1_29' title='bbox 950 719 1013 797; x_wconf 88' lang='lat' dir='ltr'><strong>est,</strong></span> <span class='ocrx_word' id='word_1_30' title='bbox 1038 735 1121 806; x_wconf 89' lang='lat' dir='ltr'><strong>quae</strong></span> <span class='ocrx_word' id='word_1_31' title='bbox 1142 713 1306 782; x_wconf 81' lang='lat' dir='ltr'>Christum</span> 
     </span>
     <span class='ocr_line' id='line_1_5' title="bbox 111 837 1306 931; baseline -0.003 -22"><span class='ocrx_word' id='word_1_32' title='bbox 111 839 193 910; x_wconf 88' lang='lat' dir='ltr'><strong>solis</strong></span> <span class='ocrx_word' id='word_1_33' title='bbox 214 838 375 908; x_wconf 75' lang='lat' dir='ltr'>didicerat</span> <span class='ocrx_word' id='word_1_34' title='bbox 394 837 557 908; x_wconf 85' lang='lat' dir='ltr'><strong>bonorare</strong></span> <span class='ocrx_word' id='word_1_35' title='bbox 576 839 729 931; x_wconf 89' lang='lat' dir='ltr'><strong>picturis,</strong></span> <span class='ocrx_word' id='word_1_36' title='bbox 759 845 793 908; x_wconf 86' lang='lat' dir='ltr'><strong>et</strong></span> <span class='ocrx_word' id='word_1_37' title='bbox 811 840 897 908; x_wconf 86' lang='lat' dir='ltr'><strong>inter</strong></span> <span class='ocrx_word' id='word_1_38' title='bbox 915 841 998 909; x_wconf 87' lang='lat' dir='ltr'><strong>ritus</strong></span> <span class='ocrx_word' id='word_1_39' title='bbox 1018 839 1195 922; x_wconf 81' lang='lat' dir='ltr'><strong>nefandos,</strong></span> <span class='ocrx_word' id='word_1_40' title='bbox 1222 859 1306 929; x_wconf 88' lang='lat' dir='ltr'><strong>quos</strong></span> 
     </span>
     <span class='ocr_line' id='line_1_6' title="bbox 112 964 1307 1057; baseline 0.003 -25"><span class='ocrx_word' id='word_1_41' title='bbox 112 964 188 1047; x_wconf 88' lang='lat' dir='ltr'><strong>sibi,</strong></span> <span class='ocrx_word' id='word_1_42' title='bbox 209 971 322 1056; x_wconf 86' lang='lat' dir='ltr'><strong>spreta</strong></span> <span class='ocrx_word' id='word_1_43' title='bbox 339 965 575 1057; x_wconf 88' lang='lat' dir='ltr'><strong>scripturarum</strong></span> <span class='ocrx_word' id='word_1_44' title='bbox 594 966 805 1047; x_wconf 89' lang='lat' dir='ltr'><strong>auctoritate,</strong></span> <span class='ocrx_word' id='word_1_45' title='bbox 833 967 1045 1047; x_wconf 82' lang='lat' dir='ltr'><strong>confinxerat,</strong></span> <span class='ocrx_word' id='word_1_46' title='bbox 1071 965 1168 1034; x_wconf 89' lang='lat' dir='ltr'><strong>etiam</strong></span> <span class='ocrx_word' id='word_1_47' title='bbox 1186 964 1307 1036; x_wconf 89' lang='lat' dir='ltr'><strong>lavacri</strong></span> 
     </span>
     <span class='ocr_line' id='line_1_7' title="bbox 112 1088 1308 1183; baseline -0.002 -23"><span class='ocrx_word' id='word_1_48' title='bbox 112 1089 267 1160; x_wconf 82' lang='lat' dir='ltr'><strong>salutaris</strong></span> <span class='ocrx_word' id='word_1_49' title='bbox 286 1088 479 1183; x_wconf 86' lang='lat' dir='ltr'><strong>plerumque</strong></span> <span class='ocrx_word' id='word_1_50' title='bbox 493 1089 605 1159; x_wconf 87' lang='lat' dir='ltr'><strong>lacere</strong></span> <span class='ocrx_word' id='word_1_51' title='bbox 619 1091 850 1182; x_wconf 79' lang='lat' dir='ltr'><strong>praesumebat</strong></span> <span class='ocrx_word' id='word_1_52' title='bbox 864 1091 1012 1160; x_wconf 82' lang='lat' dir='ltr'><strong>iterando</strong></span> <span class='ocrx_word' id='word_1_53' title='bbox 1023 1090 1198 1181; x_wconf 88' lang='lat' dir='ltr'><strong>jacturam.</strong></span> <span class='ocrx_word' id='word_1_54' title='bbox 1220 1089 1308 1158; x_wconf 89' lang='lat' dir='ltr'><strong>llaec</strong></span> 
     </span>
     <span class='ocr_line' id='line_1_8' title="bbox 115 1215 1308 1310; baseline -0.004 -22"><span class='ocrx_word' id='word_1_55' title='bbox 115 1223 185 1300; x_wconf 86' lang='lat' dir='ltr'><strong>est,</strong></span> <span class='ocrx_word' id='word_1_56' title='bbox 205 1240 289 1310; x_wconf 81' lang='lat' dir='ltr'><strong>quae</strong></span> <span class='ocrx_word' id='word_1_57' title='bbox 306 1215 440 1286; x_wconf 85' lang='lat' dir='ltr'><strong>Latinos</strong></span> <span class='ocrx_word' id='word_1_58' title='bbox 460 1239 573 1286; x_wconf 92' lang='lat' dir='ltr'><strong>omnes</strong></span> <span class='ocrx_word' id='word_1_59' title='bbox 593 1239 660 1286; x_wconf 92' lang='lat' dir='ltr'><strong>non</strong></span> <span class='ocrx_word' id='word_1_60' title='bbox 677 1215 843 1287; x_wconf 91' lang='lat' dir='ltr'><strong>bominum</strong></span> <span class='ocrx_word' id='word_1_61' title='bbox 862 1218 992 1288; x_wconf 90' lang='lat' dir='ltr'><strong>nomine</strong></span> <span class='ocrx_word' id='word_1_62' title='bbox 1012 1217 1219 1310; x_wconf 80' lang='lat' dir='ltr'><strong>dignabatur,</strong></span> <span class='ocrx_word' id='word_1_63' title='bbox 1248 1215 1308 1283; x_wconf 90' lang='lat' dir='ltr'><strong>sed</strong></span> 
     </span>
     <span class='ocr_line' id='line_1_9' title="bbox 115 1341 1307 1436; baseline -0.002 -24"><span class='ocrx_word' id='word_1_64' title='bbox 115 1365 245 1423; x_wconf 91' lang='lat' dir='ltr'><strong>canum,</strong></span> <span class='ocrx_word' id='word_1_65' title='bbox 266 1363 403 1434; x_wconf 89' lang='lat' dir='ltr'><strong>quorum</strong></span> <span class='ocrx_word' id='word_1_66' title='bbox 422 1342 614 1434; x_wconf 85' lang='lat' dir='ltr'><strong>sanguinem</strong></span> <span class='ocrx_word' id='word_1_67' title='bbox 635 1341 803 1412; x_wconf 84' lang='lat' dir='ltr'><strong>effundere</strong></span> <span class='ocrx_word' id='word_1_68' title='bbox 822 1365 907 1436; x_wconf 86' lang='lat' dir='ltr'><strong>pene</strong></span> <span class='ocrx_word' id='word_1_69' title='bbox 926 1343 1013 1413; x_wconf 88' lang='lat' dir='ltr'><strong>inter</strong></span> <span class='ocrx_word' id='word_1_70' title='bbox 1032 1343 1145 1412; x_wconf 85' lang='lat' dir='ltr'><strong>merita</strong></span> <span class='ocrx_word' id='word_1_71' title='bbox 1172 1345 1307 1434; x_wconf 87' lang='lat' dir='ltr'><strong>reputa-</strong></span> 
     </span>
     <span class='ocr_line' id='line_1_10' title="bbox 114 1467 1308 1561; baseline -0.003 -23"><span class='ocrx_word' id='word_1_72' title='bbox 114 1469 207 1551; x_wconf 90' lang='lat' dir='ltr'><strong>bant,</strong></span> <span class='ocrx_word' id='word_1_73' title='bbox 228 1491 289 1538; x_wconf 89' lang='lat' dir='ltr'><strong>nec</strong></span> <span class='ocrx_word' id='word_1_74' title='bbox 308 1467 372 1538; x_wconf 93' lang='lat' dir='ltr'><strong>nlla</strong></span> <span class='ocrx_word' id='word_1_75' title='bbox 391 1468 614 1560; x_wconf 85' lang='lat' dir='ltr'><strong>poenitentiae</strong></span> <span class='ocrx_word' id='word_1_76' title='bbox 639 1469 864 1538; x_wconf 78' lang='lat' dir='ltr'><strong>satisfactione</strong></span> <span class='ocrx_word' id='word_1_77' title='bbox 886 1469 1068 1561; x_wconf 86' lang='lat' dir='ltr'><strong>pensabant</strong></span> <span class='ocrx_word' id='word_1_78' title='bbox 1092 1467 1165 1538; x_wconf 92' lang='lat' dir='ltr'><strong>laici</strong></span> <span class='ocrx_word' id='word_1_79' title='bbox 1194 1488 1308 1535; x_wconf 90' lang='lat' dir='ltr'><strong>mona-</strong></span> 
     </span>
     <span class='ocr_line' id='line_1_11' title="bbox 115 1591 1308 1690; baseline -0.004 -26"><span class='ocrx_word' id='word_1_80' title='bbox 115 1592 227 1674; x_wconf 86' lang='lat' dir='ltr'><strong>cbivc;</strong></span> <span class='ocrx_word' id='word_1_81' title='bbox 259 1615 361 1686; x_wconf 88' lang='lat' dir='ltr'><strong>penes</strong></span> <span class='ocrx_word' id='word_1_82' title='bbox 390 1615 494 1690; x_wconf 85' lang='lat' dir='ltr'><strong>quos,</strong></span> <span class='ocrx_word' id='word_1_83' title='bbox 527 1591 758 1664; x_wconf 88' lang='lat' dir='ltr'><strong>sacerdotibus</strong></span> <span class='ocrx_word' id='word_1_84' title='bbox 786 1595 924 1688; x_wconf 88' lang='lat' dir='ltr'><strong>spretis,</strong></span> <span class='ocrx_word' id='word_1_85' title='bbox 958 1599 1031 1664; x_wconf 90' lang='lat' dir='ltr'><strong>tota</strong></span> <span class='ocrx_word' id='word_1_86' title='bbox 1058 1591 1182 1686; x_wconf 89' lang='lat' dir='ltr'><strong>ligandi</strong></span> <span class='ocrx_word' id='word_1_87' title='bbox 1210 1597 1308 1685; x_wconf 90' lang='lat' dir='ltr'><strong>atque</strong></span> 
     </span>
     <span class='ocr_line' id='line_1_12' title="bbox 116 1715 699 1792; baseline -0.005 -1"><span class='ocrx_word' id='word_1_88' title='bbox 116 1717 265 1792; x_wconf 80' lang='lat' dir='ltr'><strong>solvendi</strong></span> <span class='ocrx_word' id='word_1_89' title='bbox 284 1715 490 1789; x_wconf 77' lang='lat' dir='ltr'><strong>consistebat</strong></span> <span class='ocrx_word' id='word_1_90' title='bbox 507 1720 699 1790; x_wconf 85' lang='lat' dir='ltr'><strong>auctoritas.</strong></span> 
     </span>
    </p>
   </div>
   <div class='ocr_carea' id='block_1_3' title="bbox 117 1844 1312 2318">
    <p class='ocr_par' dir='ltr' id='par_1_3' title="bbox 117 1844 1312 2318">
     <span class='ocr_line' id='line_1_13' title="bbox 209 1844 1310 1939; baseline -0.003 -23"><span class='ocrx_word' id='word_1_91' title='bbox 209 1847 299 1916; x_wconf 87' lang='lat' dir='ltr'><strong>llaec</strong></span> <span class='ocrx_word' id='word_1_92' title='bbox 324 1850 358 1915; x_wconf 87' lang='lat' dir='ltr'><strong>et</strong></span> <span class='ocrx_word' id='word_1_93' title='bbox 383 1844 568 1936; x_wconf 89' lang='lat' dir='ltr'><strong>hujusmodi</strong></span> <span class='ocrx_word' id='word_1_94' title='bbox 595 1845 819 1930; x_wconf 89' lang='lat' dir='ltr'><strong>deliramenta,</strong></span> <span class='ocrx_word' id='word_1_95' title='bbox 840 1870 923 1939; x_wconf 88' lang='lat' dir='ltr'><strong>quae</strong></span> <span class='ocrx_word' id='word_1_96' title='bbox 943 1846 1127 1938; x_wconf 88' lang='lat' dir='ltr'><strong>epistolaris</strong></span> <span class='ocrx_word' id='word_1_97' title='bbox 1147 1845 1310 1939; x_wconf 85' lang='lat' dir='ltr'><strong>explicare</strong></span> 
     </span>
     <span class='ocr_line' id='line_1_14' title="bbox 117 1971 1310 2072; baseline -0.006 -27"><span class='ocrx_word' id='word_1_98' title='bbox 117 1997 186 2045; x_wconf 91' lang='lat' dir='ltr'><strong>non</strong></span> <span class='ocrx_word' id='word_1_99' title='bbox 212 1971 299 2043; x_wconf 81' lang='lat' dir='ltr'><strong>valet</strong></span> <span class='ocrx_word' id='word_1_100' title='bbox 323 1973 495 2065; x_wconf 89' lang='lat' dir='ltr'><strong>angustia,</strong></span> <span class='ocrx_word' id='word_1_101' title='bbox 524 1973 662 2065; x_wconf 88' lang='lat' dir='ltr'><strong>impletis</strong></span> <span class='ocrx_word' id='word_1_102' title='bbox 687 1973 911 2072; x_wconf 87' lang='lat' dir='ltr'><strong>iniquitatibus</strong></span> <span class='ocrx_word' id='word_1_103' title='bbox 937 1995 1070 2056; x_wconf 90' lang='lat' dir='ltr'><strong>eorum,</strong></span> <span class='ocrx_word' id='word_1_104' title='bbox 1096 1995 1180 2065; x_wconf 87' lang='lat' dir='ltr'><strong>quae</strong></span> <span class='ocrx_word' id='word_1_105' title='bbox 1205 1972 1310 2064; x_wconf 90' lang='lat' dir='ltr'><strong>ipsum</strong></span> 
     </span>
     <span class='ocr_line' id='line_1_15' title="bbox 118 2095 1311 2192; baseline -0.008 -21"><span class='ocrx_word' id='word_1_106' title='bbox 118 2101 291 2171; x_wconf 90' lang='lat' dir='ltr'><strong>Dominum</strong></span> <span class='ocrx_word' id='word_1_107' title='bbox 311 2099 352 2169; x_wconf 94' lang='lat' dir='ltr'><strong>ad</strong></span> <span class='ocrx_word' id='word_1_108' title='bbox 371 2119 525 2168; x_wconf 88' lang='lat' dir='ltr'><strong>nauseam</strong></span> <span class='ocrx_word' id='word_1_109' title='bbox 545 2099 788 2192; x_wconf 84' lang='lat' dir='ltr'><strong>provocabant,</strong></span> <span class='ocrx_word' id='word_1_110' title='bbox 814 2098 919 2168; x_wconf 87' lang='lat' dir='ltr'><strong>divina</strong></span> <span class='ocrx_word' id='word_1_111' title='bbox 933 2097 1062 2191; x_wconf 86' lang='lat' dir='ltr'><strong>justitia</strong></span> <span class='ocrx_word' id='word_1_112' title='bbox 1083 2104 1196 2167; x_wconf 89' lang='lat' dir='ltr'><strong>nostro</strong></span> <span class='ocrx_word' id='word_1_113' title='bbox 1217 2095 1311 2164; x_wconf 93' lang='lat' dir='ltr'><strong>mini-</strong></span> 
     </span>
     <span class='ocr_line' id='line_1_16' title="bbox 118 2222 1312 2318; baseline -0.005 -22"><span class='ocrx_word' id='word_1_114' title='bbox 118 2227 222 2296; x_wconf 89' lang='lat' dir='ltr'><strong>stcrio</strong></span> <span class='ocrx_word' id='word_1_115' title='bbox 239 2225 340 2318; x_wconf 87' lang='lat' dir='ltr'><strong>digna</strong></span> <span class='ocrx_word' id='word_1_116' title='bbox 356 2223 483 2294; x_wconf 89' lang='lat' dir='ltr'><strong>ultione</strong></span> <span class='ocrx_word' id='word_1_117' title='bbox 497 2225 672 2316; x_wconf 84' lang='lat' dir='ltr'><strong>percussit,</strong></span> <span class='ocrx_word' id='word_1_118' title='bbox 683 2229 717 2294; x_wconf 91' lang='lat' dir='ltr'><strong>et</strong></span> <span class='ocrx_word' id='word_1_119' title='bbox 730 2224 871 2318; x_wconf 85' lang='lat' dir='ltr'><strong>expulsis</strong></span> <span class='ocrx_word' id='word_1_120' title='bbox 884 2223 1066 2293; x_wconf 89' lang='lat' dir='ltr'><strong>bominibus</strong></span> <span class='ocrx_word' id='word_1_121' title='bbox 1077 2223 1180 2294; x_wconf 88' lang='lat' dir='ltr'><strong>Deum</strong></span> <span class='ocrx_word' id='word_1_122' title='bbox 1196 2222 1312 2291; x_wconf 89' lang='lat' dir='ltr'><strong>odien-</strong></span> 
     </span>
    </p>
   </div>
   <div class='ocr_carea' id='block_1_4' title="bbox 117 2349 1321 4594">
    <p class='ocr_par' dir='ltr' id='par_1_4' title="bbox 117 2349 1314 2948">
     <span class='ocr_line' id='line_1_17' title="bbox 117 2349 1310 2432; baseline -0.004 -10"><span class='ocrx_word' id='word_1_123' title='bbox 117 2353 207 2422; x_wconf 86' lang='lat' dir='ltr'><strong>tibus</strong></span> <span class='ocrx_word' id='word_1_124' title='bbox 228 2357 263 2422; x_wconf 87' lang='lat' dir='ltr'><strong>ct</strong></span> <span class='ocrx_word' id='word_1_125' title='bbox 281 2349 463 2421; x_wconf 85' lang='lat' dir='ltr'><strong>amantibus</strong></span> <span class='ocrx_word' id='word_1_126' title='bbox 482 2373 575 2432; x_wconf 88' lang='lat' dir='ltr'><strong>sese,</strong></span> <span class='ocrx_word' id='word_1_127' title='bbox 602 2359 726 2421; x_wconf 87' lang='lat' dir='ltr'><strong>terram</strong></span> <span class='ocrx_word' id='word_1_128' title='bbox 751 2352 847 2422; x_wconf 90' lang='lat' dir='ltr'><strong>nobis</strong></span> <span class='ocrx_word' id='word_1_129' title='bbox 873 2351 963 2422; x_wconf 85' lang='lat' dir='ltr'><strong>dedit</strong></span> <span class='ocrx_word' id='word_1_130' title='bbox 989 2351 1130 2422; x_wconf 92' lang='lat' dir='ltr'><strong>omnium</strong></span> <span class='ocrx_word' id='word_1_131' title='bbox 1149 2349 1310 2418; x_wconf 92' lang='lat' dir='ltr'><strong>bonorum</strong></span> 
     </span>
     <span class='ocr_line' id='line_1_18' title="bbox 119 2475 1312 2571; baseline -0.004 -22"><span class='ocrx_word' id='word_1_132' title='bbox 119 2479 227 2571; x_wconf 89' lang='lat' dir='ltr'><strong>copiis</strong></span> <span class='ocrx_word' id='word_1_133' title='bbox 249 2476 453 2559; x_wconf 82' lang='lat' dir='ltr'><strong>affluentem,</strong></span> <span class='ocrx_word' id='word_1_134' title='bbox 480 2478 661 2558; x_wconf 86' lang='lat' dir='ltr'><strong>frumento,</strong></span> <span class='ocrx_word' id='word_1_135' title='bbox 687 2478 762 2547; x_wconf 81' lang='lat' dir='ltr'><strong>rino</strong></span> <span class='ocrx_word' id='word_1_136' title='bbox 783 2483 818 2547; x_wconf 89' lang='lat' dir='ltr'><strong>et</strong></span> <span class='ocrx_word' id='word_1_137' title='bbox 837 2477 912 2546; x_wconf 91' lang='lat' dir='ltr'><strong>oleo</strong></span> <span class='ocrx_word' id='word_1_138' title='bbox 932 2475 1123 2560; x_wconf 84' lang='lat' dir='ltr'><strong>stabilitam,</strong></span> <span class='ocrx_word' id='word_1_139' title='bbox 1150 2477 1312 2545; x_wconf 83' lang='lat' dir='ltr'><strong>fructibus</strong></span> 
     </span>
     <span class='ocr_line' id='line_1_19' title="bbox 118 2603 1312 2698; baseline -0.005 -23"><span class='ocrx_word' id='word_1_140' title='bbox 118 2604 284 2697; x_wconf 90' lang='lat' dir='ltr'><strong>opulentis</strong></span> <span class='ocrx_word' id='word_1_141' title='bbox 296 2603 564 2698; x_wconf 58' lang='lat' dir='ltr'><strong>[opalcotomtfi</strong></span> <span class='ocrx_word' id='word_1_142' title='bbox 586 2605 786 2688; x_wconf 88' lang='lat' dir='ltr'><strong>nemoribus,</strong></span> <span class='ocrx_word' id='word_1_143' title='bbox 803 2604 895 2695; x_wconf 86' lang='lat' dir='ltr'><strong>aquis</strong></span> <span class='ocrx_word' id='word_1_144' title='bbox 915 2608 950 2672; x_wconf 88' lang='lat' dir='ltr'><strong>et</strong></span> <span class='ocrx_word' id='word_1_145' title='bbox 967 2603 1098 2694; x_wconf 87' lang='lat' dir='ltr'><strong>pascuis</strong></span> <span class='ocrx_word' id='word_1_146' title='bbox 1118 2603 1312 2694; x_wconf 88' lang='lat' dir='ltr'><strong>speciosam,</strong></span> 
     </span>
     <span class='ocr_line' id='line_1_20' title="bbox 119 2725 1314 2825; baseline -0.005 -25"><span class='ocrx_word' id='word_1_147' title='bbox 119 2729 388 2825; x_wconf 87' lang='lat' dir='ltr'><strong>spatiosissimam</strong></span> <span class='ocrx_word' id='word_1_148' title='bbox 407 2729 448 2798; x_wconf 89' lang='lat' dir='ltr'><strong>ad</strong></span> <span class='ocrx_word' id='word_1_149' title='bbox 467 2729 675 2812; x_wconf 87' lang='lat' dir='ltr'><strong>manendum,</strong></span> <span class='ocrx_word' id='word_1_150' title='bbox 696 2735 731 2800; x_wconf 89' lang='lat' dir='ltr'><strong>et</strong></span> <span class='ocrx_word' id='word_1_151' title='bbox 749 2730 800 2800; x_wconf 92' lang='lat' dir='ltr'><strong>cui</strong></span> <span class='ocrx_word' id='word_1_152' title='bbox 821 2727 955 2798; x_wconf 91' lang='lat' dir='ltr'><strong>similem</strong></span> <span class='ocrx_word' id='word_1_153' title='bbox 975 2749 1041 2798; x_wconf 94' lang='lat' dir='ltr'><strong>non</strong></span> <span class='ocrx_word' id='word_1_154' title='bbox 1055 2727 1205 2798; x_wconf 88' lang='lat' dir='ltr'><strong>continet</strong></span> <span class='ocrx_word' id='word_1_155' title='bbox 1224 2725 1314 2795; x_wconf 93' lang='lat' dir='ltr'><strong>orbis</strong></span> 
     </span>
     <span class='ocr_line' id='line_1_21' title="bbox 119 2861 443 2948; baseline -0.019 -19"><span class='ocrx_word' id='word_1_156' title='bbox 119 2864 200 2929; x_wconf 67' lang='lat' dir='ltr'><strong>abre</strong></span> <span class='ocrx_word' id='word_1_157' title='bbox 217 2861 443 2948; x_wconf 86' lang='lat' dir='ltr'><strong>temperatam.</strong></span> 
     </span>
    </p>

    <p class='ocr_par' dir='ltr' id='par_1_5' title="bbox 119 2980 1317 3832">
     <span class='ocr_line' id='line_1_22' title="bbox 212 2980 1314 3064; baseline -0.001 -12"><span class='ocrx_word' id='word_1_158' title='bbox 212 2983 280 3055; x_wconf 87' lang='lat' dir='ltr'><strong>Sed</strong></span> <span class='ocrx_word' id='word_1_159' title='bbox 299 3006 360 3054; x_wconf 90' lang='lat' dir='ltr'><strong>nec</strong></span> <span class='ocrx_word' id='word_1_160' title='bbox 380 2983 412 3051; x_wconf 94' lang='lat' dir='ltr'><strong>in</strong></span> <span class='ocrx_word' id='word_1_161' title='bbox 432 2982 493 3053; x_wconf 90' lang='lat' dir='ltr'><strong>biis</strong></span> <span class='ocrx_word' id='word_1_162' title='bbox 513 2982 675 3052; x_wconf 84' lang='lat' dir='ltr'><strong>desideria</strong></span> <span class='ocrx_word' id='word_1_163' title='bbox 695 2989 811 3053; x_wconf 90' lang='lat' dir='ltr'><strong>nostra</strong></span> <span class='ocrx_word' id='word_1_164' title='bbox 831 2981 1031 3064; x_wconf 87' lang='lat' dir='ltr'><strong>subsistunt,</strong></span> <span class='ocrx_word' id='word_1_165' title='bbox 1056 3003 1120 3051; x_wconf 86' lang='lat' dir='ltr'><strong>nec</strong></span> <span class='ocrx_word' id='word_1_166' title='bbox 1139 2980 1179 3052; x_wconf 89' lang='lat' dir='ltr'><strong>ab</strong></span> <span class='ocrx_word' id='word_1_167' title='bbox 1198 2981 1314 3051; x_wconf 84' lang='lat' dir='ltr'><strong>bumo-</strong></span> 
     </span>
     <span class='ocr_line' id='line_1_23' title="bbox 119 3107 1315 3201; baseline -0.005 -19"><span class='ocrx_word' id='word_1_168' title='bbox 119 3113 168 3182; x_wconf 84' lang='lat' dir='ltr'><strong>ris</strong></span> <span class='ocrx_word' id='word_1_169' title='bbox 184 3110 306 3179; x_wconf 89' lang='lat' dir='ltr'><strong>nostris</strong></span> <span class='ocrx_word' id='word_1_170' title='bbox 326 3109 559 3180; x_wconf 84' lang='lat' dir='ltr'><strong>sustinebimus</strong></span> <span class='ocrx_word' id='word_1_171' title='bbox 574 3109 721 3179; x_wconf 81' lang='lat' dir='ltr'><strong>vexillum</strong></span> <span class='ocrx_word' id='word_1_172' title='bbox 736 3107 850 3201; x_wconf 88' lang='lat' dir='ltr'><strong>regale</strong></span> <span class='ocrx_word' id='word_1_173' title='bbox 865 3109 997 3200; x_wconf 88' lang='lat' dir='ltr'><strong>deponi,</strong></span> <span class='ocrx_word' id='word_1_174' title='bbox 1016 3108 1122 3177; x_wconf 90' lang='lat' dir='ltr'><strong>donec</strong></span> <span class='ocrx_word' id='word_1_175' title='bbox 1141 3113 1230 3177; x_wconf 91' lang='lat' dir='ltr'><strong>terra</strong></span> <span class='ocrx_word' id='word_1_176' title='bbox 1245 3109 1315 3198; x_wconf 91' lang='lat' dir='ltr'><strong>ipsa</strong></span> 
     </span>
     <span class='ocr_line' id='line_1_24' title="bbox 123 3234 1315 3326; baseline -0.003 -20"><span class='ocrx_word' id='word_1_177' title='bbox 123 3235 269 3308; x_wconf 88' lang='lat' dir='ltr'><strong>incolatu</strong></span> <span class='ocrx_word' id='word_1_178' title='bbox 288 3234 430 3305; x_wconf 89' lang='lat' dir='ltr'><strong>stabilita</strong></span> <span class='ocrx_word' id='word_1_179' title='bbox 457 3241 644 3305; x_wconf 89' lang='lat' dir='ltr'><strong>nostrorum</strong></span> <span class='ocrx_word' id='word_1_180' title='bbox 664 3241 776 3326; x_wconf 85' lang='lat' dir='ltr'><strong>partes</strong></span> <span class='ocrx_word' id='word_1_181' title='bbox 796 3235 974 3304; x_wconf 89' lang='lat' dir='ltr'><strong>debeamus</strong></span> <span class='ocrx_word' id='word_1_182' title='bbox 993 3234 1134 3303; x_wconf 85' lang='lat' dir='ltr'><strong>inrisere</strong></span> <span class='ocrx_word' id='word_1_183' title='bbox 1153 3241 1315 3303; x_wconf 87' lang='lat' dir='ltr'><strong>transma-</strong></span> 
     </span>
     <span class='ocr_line' id='line_1_25' title="bbox 121 3359 1316 3453; baseline -0.005 -20"><span class='ocrx_word' id='word_1_184' title='bbox 121 3364 225 3443; x_wconf 90' lang='lat' dir='ltr'><strong>rinas,</strong></span> <span class='ocrx_word' id='word_1_185' title='bbox 247 3369 281 3431; x_wconf 88' lang='lat' dir='ltr'><strong>et</strong></span> <span class='ocrx_word' id='word_1_186' title='bbox 299 3361 371 3430; x_wconf 88' lang='lat' dir='ltr'><strong>Deo</strong></span> <span class='ocrx_word' id='word_1_187' title='bbox 391 3360 489 3431; x_wconf 88' lang='lat' dir='ltr'><strong>dante</strong></span> <span class='ocrx_word' id='word_1_188' title='bbox 509 3363 714 3453; x_wconf 89' lang='lat' dir='ltr'><strong>propositum</strong></span> <span class='ocrx_word' id='word_1_189' title='bbox 731 3360 1008 3453; x_wconf 81' lang='lat' dir='ltr'><strong>peregrinationis</strong></span> <span class='ocrx_word' id='word_1_190' title='bbox 1028 3359 1170 3451; x_wconf 82' lang='lat' dir='ltr'><strong>explere.</strong></span> <span class='ocrx_word' id='word_1_191' title='bbox 1191 3361 1316 3450; x_wconf 87' lang='lat' dir='ltr'><strong>Spera-</strong></span> 
     </span>
     <span class='ocr_line' id='line_1_26' title="bbox 123 3483 1316 3578; baseline -0.006 -20"><span class='ocrx_word' id='word_1_192' title='bbox 123 3511 198 3558; x_wconf 85' lang='lat' dir='ltr'><strong>mus</strong></span> <span class='ocrx_word' id='word_1_193' title='bbox 217 3485 302 3556; x_wconf 87' lang='lat' dir='ltr'><strong>enim</strong></span> <span class='ocrx_word' id='word_1_194' title='bbox 320 3486 352 3554; x_wconf 96' lang='lat' dir='ltr'><strong>in</strong></span> <span class='ocrx_word' id='word_1_195' title='bbox 366 3485 498 3554; x_wconf 89' lang='lat' dir='ltr'><strong>domino</strong></span> <span class='ocrx_word' id='word_1_196' title='bbox 512 3487 604 3568; x_wconf 85' lang='lat' dir='ltr'><strong>Jcsu,</strong></span> <span class='ocrx_word' id='word_1_197' title='bbox 624 3485 724 3578; x_wconf 89' lang='lat' dir='ltr'><strong>quod,</strong></span> <span class='ocrx_word' id='word_1_198' title='bbox 745 3485 798 3578; x_wconf 89' lang='lat' dir='ltr'><strong>qui</strong></span> <span class='ocrx_word' id='word_1_199' title='bbox 814 3485 924 3578; x_wconf 84' lang='lat' dir='ltr'><strong>coepit</strong></span> <span class='ocrx_word' id='word_1_200' title='bbox 942 3485 974 3554; x_wconf 93' lang='lat' dir='ltr'><strong>in</strong></span> <span class='ocrx_word' id='word_1_201' title='bbox 988 3483 1082 3554; x_wconf 89' lang='lat' dir='ltr'><strong>nobis</strong></span> <span class='ocrx_word' id='word_1_202' title='bbox 1097 3505 1180 3578; x_wconf 89' lang='lat' dir='ltr'><strong>opus</strong></span> <span class='ocrx_word' id='word_1_203' title='bbox 1194 3483 1316 3552; x_wconf 93' lang='lat' dir='ltr'><strong>bonum</strong></span> 
     </span>
     <span class='ocr_line' id='line_1_27' title="bbox 125 3609 1317 3702; baseline -0.006 -19"><span class='ocrx_word' id='word_1_204' title='bbox 125 3615 169 3683; x_wconf 91' lang='lat' dir='ltr'><strong>ad</strong></span> <span class='ocrx_word' id='word_1_205' title='bbox 192 3611 321 3682; x_wconf 86' lang='lat' dir='ltr'><strong>laudem</strong></span> <span class='ocrx_word' id='word_1_206' title='bbox 346 3615 381 3681; x_wconf 89' lang='lat' dir='ltr'><strong>et</strong></span> <span class='ocrx_word' id='word_1_207' title='bbox 407 3609 546 3702; x_wconf 83' lang='lat' dir='ltr'><strong>gloriam</strong></span> <span class='ocrx_word' id='word_1_208' title='bbox 572 3612 710 3681; x_wconf 91' lang='lat' dir='ltr'><strong>nominis</strong></span> <span class='ocrx_word' id='word_1_209' title='bbox 730 3612 798 3694; x_wconf 89' lang='lat' dir='ltr'><strong>sui,</strong></span> <span class='ocrx_word' id='word_1_210' title='bbox 827 3611 1030 3680; x_wconf 88' lang='lat' dir='ltr'><strong>inimicorum</strong></span> <span class='ocrx_word' id='word_1_211' title='bbox 1051 3610 1159 3679; x_wconf 88' lang='lat' dir='ltr'><strong>crucis</strong></span> <span class='ocrx_word' id='word_1_212' title='bbox 1179 3609 1317 3700; x_wconf 86' lang='lat' dir='ltr'><strong>depres-</strong></span> 
     </span>
     <span class='ocr_line' id='line_1_28' title="bbox 124 3735 1113 3832; baseline -0.008 -19"><span class='ocrx_word' id='word_1_213' title='bbox 124 3743 252 3813; x_wconf 88' lang='lat' dir='ltr'><strong>sionem</strong></span> <span class='ocrx_word' id='word_1_214' title='bbox 271 3744 462 3832; x_wconf 85' lang='lat' dir='ltr'><strong>perpctuam</strong></span> <span class='ocrx_word' id='word_1_215' title='bbox 481 3737 642 3829; x_wconf 87' lang='lat' dir='ltr'><strong>perficiet,</strong></span> <span class='ocrx_word' id='word_1_216' title='bbox 662 3737 868 3807; x_wconf 83' lang='lat' dir='ltr'><strong>confirmabit</strong></span> <span class='ocrx_word' id='word_1_217' title='bbox 885 3735 1113 3828; x_wconf 85' lang='lat' dir='ltr'><strong>solidabitque.</strong></span> 
     </span>
    </p>

    <p class='ocr_par' dir='ltr' id='par_1_6' title="bbox 125 3860 1321 4594">
     <span class='ocr_line' id='line_1_29' title="bbox 217 3860 1318 3956; baseline -0.005 -20"><span class='ocrx_word' id='word_1_218' title='bbox 217 3865 451 3936; x_wconf 86' lang='lat' dir='ltr'><strong>Paternitatem</strong></span> <span class='ocrx_word' id='word_1_219' title='bbox 470 3864 571 3955; x_wconf 87' lang='lat' dir='ltr'><strong>igitur</strong></span> <span class='ocrx_word' id='word_1_220' title='bbox 588 3863 730 3934; x_wconf 83' lang='lat' dir='ltr'><strong>vestram</strong></span> <span class='ocrx_word' id='word_1_221' title='bbox 754 3862 952 3956; x_wconf 91' lang='lat' dir='ltr'><strong>propensius</strong></span> <span class='ocrx_word' id='word_1_222' title='bbox 971 3883 1143 3931; x_wconf 85' lang='lat' dir='ltr'><strong>exoramus</strong></span> <span class='ocrx_word' id='word_1_223' title='bbox 1163 3868 1198 3930; x_wconf 92' lang='lat' dir='ltr'><strong>et</strong></span> <span class='ocrx_word' id='word_1_224' title='bbox 1215 3860 1318 3930; x_wconf 90' lang='lat' dir='ltr'><strong>obsc-</strong></span> 
     </span>
     <span class='ocr_line' id='line_1_30' title="bbox 126 3985 1319 4083; baseline -0.009 -19"><span class='ocrx_word' id='word_1_225' title='bbox 126 4014 256 4064; x_wconf 91' lang='lat' dir='ltr'><strong>cramus</strong></span> <span class='ocrx_word' id='word_1_226' title='bbox 281 3992 315 4060; x_wconf 92' lang='lat' dir='ltr'><strong>in</strong></span> <span class='ocrx_word' id='word_1_227' title='bbox 337 3989 495 4072; x_wconf 85' lang='lat' dir='ltr'><strong>Domino,</strong></span> <span class='ocrx_word' id='word_1_228' title='bbox 528 3997 564 4059; x_wconf 91' lang='lat' dir='ltr'><strong>ut</strong></span> <span class='ocrx_word' id='word_1_229' title='bbox 587 3989 714 4083; x_wconf 91' lang='lat' dir='ltr'><strong>gloriae</strong></span> <span class='ocrx_word' id='word_1_230' title='bbox 737 3989 835 4082; x_wconf 88' lang='lat' dir='ltr'><strong>hujus</strong></span> <span class='ocrx_word' id='word_1_231' title='bbox 867 3995 965 4080; x_wconf 88' lang='lat' dir='ltr'><strong>atque</strong></span> <span class='ocrx_word' id='word_1_232' title='bbox 995 3987 1152 4058; x_wconf 88' lang='lat' dir='ltr'><strong>victoriae</strong></span> <span class='ocrx_word' id='word_1_233' title='bbox 1186 3993 1220 4055; x_wconf 88' lang='lat' dir='ltr'><strong>et</strong></span> <span class='ocrx_word' id='word_1_234' title='bbox 1247 3985 1319 4077; x_wconf 90' lang='lat' dir='ltr'><strong>spei</strong></span> 
     </span>
     <span class='ocr_line' id='line_1_31' title="bbox 126 4111 1318 4214; baseline -0.01 -24"><span class='ocrx_word' id='word_1_235' title='bbox 126 4123 357 4214; x_wconf 79' lang='lat' dir='ltr'><strong>praeoptatae,</strong></span> <span class='ocrx_word' id='word_1_236' title='bbox 376 4116 472 4207; x_wconf 90' lang='lat' dir='ltr'><strong>cujus</strong></span> <span class='ocrx_word' id='word_1_237' title='bbox 492 4117 611 4185; x_wconf 90' lang='lat' dir='ltr'><strong>ostium</strong></span> <span class='ocrx_word' id='word_1_238' title='bbox 632 4137 784 4208; x_wconf 89' lang='lat' dir='ltr'><strong>magnum</strong></span> <span class='ocrx_word' id='word_1_239' title='bbox 798 4113 892 4184; x_wconf 92' lang='lat' dir='ltr'><strong>nobis</strong></span> <span class='ocrx_word' id='word_1_240' title='bbox 907 4120 1055 4206; x_wconf 88' lang='lat' dir='ltr'><strong>apertum</strong></span> <span class='ocrx_word' id='word_1_241' title='bbox 1070 4117 1134 4194; x_wconf 91' lang='lat' dir='ltr'><strong>est,</strong></span> <span class='ocrx_word' id='word_1_242' title='bbox 1153 4111 1318 4204; x_wconf 87' lang='lat' dir='ltr'><strong>principes</strong></span> 
     </span>
     <span class='ocr_line' id='line_1_32' title="bbox 127 4237 1319 4336; baseline -0.01 -18"><span class='ocrx_word' id='word_1_243' title='bbox 127 4267 205 4318; x_wconf 88' lang='lat' dir='ltr'><strong>esse</strong></span> <span class='ocrx_word' id='word_1_244' title='bbox 223 4243 328 4316; x_wconf 84' lang='lat' dir='ltr'><strong>velitis</strong></span> <span class='ocrx_word' id='word_1_245' title='bbox 353 4248 387 4313; x_wconf 88' lang='lat' dir='ltr'><strong>et</strong></span> <span class='ocrx_word' id='word_1_246' title='bbox 411 4244 531 4325; x_wconf 87' lang='lat' dir='ltr'><strong>duces,</strong></span> <span class='ocrx_word' id='word_1_247' title='bbox 558 4243 741 4336; x_wconf 83' lang='lat' dir='ltr'><strong>vestrisque</strong></span> <span class='ocrx_word' id='word_1_248' title='bbox 760 4241 963 4334; x_wconf 90' lang='lat' dir='ltr'><strong>temporibus</strong></span> <span class='ocrx_word' id='word_1_249' title='bbox 983 4245 1017 4310; x_wconf 93' lang='lat' dir='ltr'><strong>et</strong></span> <span class='ocrx_word' id='word_1_250' title='bbox 1037 4237 1193 4332; x_wconf 91' lang='lat' dir='ltr'><strong>operibus</strong></span> <span class='ocrx_word' id='word_1_251' title='bbox 1215 4238 1319 4308; x_wconf 90' lang='lat' dir='ltr'><strong>ascri-</strong></span> 
     </span>
     <span class='ocr_line' id='line_1_33' title="bbox 125 4365 1321 4462; baseline -0.011 -15"><span class='ocrx_word' id='word_1_252' title='bbox 125 4373 213 4447; x_wconf 88' lang='lat' dir='ltr'><strong>batis</strong></span> <span class='ocrx_word' id='word_1_253' title='bbox 232 4373 336 4444; x_wconf 86' lang='lat' dir='ltr'><strong>decus</strong></span> <span class='ocrx_word' id='word_1_254' title='bbox 354 4377 541 4454; x_wconf 89' lang='lat' dir='ltr'><strong>aeternum,</strong></span> <span class='ocrx_word' id='word_1_255' title='bbox 569 4371 657 4462; x_wconf 92' lang='lat' dir='ltr'><strong>quod</strong></span> <span class='ocrx_word' id='word_1_256' title='bbox 676 4369 801 4462; x_wconf 89' lang='lat' dir='ltr'><strong>absque</strong></span> <span class='ocrx_word' id='word_1_257' title='bbox 820 4369 883 4440; x_wconf 94' lang='lat' dir='ltr'><strong>ulla</strong></span> <span class='ocrx_word' id='word_1_258' title='bbox 904 4367 1106 4439; x_wconf 88' lang='lat' dir='ltr'><strong>dubitatione</strong></span> <span class='ocrx_word' id='word_1_259' title='bbox 1125 4365 1218 4436; x_wconf 90' lang='lat' dir='ltr'><strong>vobis</strong></span> <span class='ocrx_word' id='word_1_260' title='bbox 1238 4387 1321 4435; x_wconf 87' lang='lat' dir='ltr'><strong>con-</strong></span> 
     </span>
     <span class='ocr_line' id='line_1_34' title="bbox 128 4489 1321 4594; baseline -0.008 -23"><span class='ocrx_word' id='word_1_261' title='bbox 128 4504 249 4594; x_wconf 88' lang='lat' dir='ltr'><strong>tinget,</strong></span> <span class='ocrx_word' id='word_1_262' title='bbox 269 4501 297 4568; x_wconf 89' lang='lat' dir='ltr'><strong>si</strong></span> <span class='ocrx_word' id='word_1_263' title='bbox 315 4499 518 4593; x_wconf 87' lang='lat' dir='ltr'><strong>apostolicae</strong></span> <span class='ocrx_word' id='word_1_264' title='bbox 531 4498 697 4570; x_wconf 87' lang='lat' dir='ltr'><strong>sanctitati</strong></span> <span class='ocrx_word' id='word_1_265' title='bbox 712 4497 864 4580; x_wconf 84' lang='lat' dir='ltr'><strong>devotos,</strong></span> <span class='ocrx_word' id='word_1_266' title='bbox 885 4495 984 4566; x_wconf 87' lang='lat' dir='ltr'><strong>vestri</strong></span> <span class='ocrx_word' id='word_1_267' title='bbox 1003 4493 1181 4586; x_wconf 91' lang='lat' dir='ltr'><strong>praecipue</strong></span> <span class='ocrx_word' id='word_1_268' title='bbox 1196 4489 1321 4562; x_wconf 90' lang='lat' dir='ltr'><strong>incolas</strong></span> 
     </span>
    </p>
   </div>
   <div class='ocr_carea' id='block_1_5' title="bbox 0 0 1588 5078">
    <p class='ocr_par' dir='ltr' id='par_1_7' title="bbox 0 0 1588 5078">
     <span class='ocr_line' id='line_1_35' title="bbox 0 0 1588 5078; baseline 0 0"><span class='ocrx_word' id='word_1_269' title='bbox 0 0 1588 5078; x_wconf 95' lang='lat' dir='ltr'><strong> </strong></span> 
     </span>
    </p>
   </div>
  </div>
 </body>
</html>
