3120 5078
316 363 393 435 318
595 377 688 431 Raoru
702 378 864 431 anrnrrur
879 394 932 432 rna
946 376 1077 433 Faancos
1090 395 1220 433 nvnnsro.

312 545 363 615 lor
391 550 558 639 requeste.
596 545 639 618 llt
667 547 740 640 puis
769 547 960 618 ordinerent
995 555 1125 618 eornent
1152 555 1187 618 et
1214 571 1256 619 en
1284 549 1361 641 quel
1390 549 1458 620 lien
1488 549 1508 617 il

312 671 467 744 ‹levoient
492 673 680 743 assembler.
710 673 753 744 llt
773 680 873 767 quant
891 673 912 742 il
931 673 1043 744 iurent
1061 675 1240 758 ensemble,
1266 675 1293 744 si
1314 675 1508 746 deviserant

312 821 376 889 que
405 797 478 868 leur
505 800 658 892 passaige
686 823 723 868 se
753 799 850 869 deust
878 801 960 870 taire
984 821 1044 893 par
1062 799 1199 884 Venise,
1229 824 1315 893 pour
1341 825 1382 872 ee
1403 825 1471 894 que
1489 801 1507 870 il

310 925 484 1016 portoient
497 923 529 994 lt
543 931 656 994 trover
674 922 821 995 meilleur
834 947 977 1018 passage
989 931 1023 994 et
1042 925 1131 1018 aysiri
1146 932 1180 997 et
1199 927 1270 1019 plus
1286 927 1328 998 (le
1343 929 1504 998 raissiaus

310 1073 376 1144 que
392 1073 432 1120 en
447 1056 541 1120 autre
559 1058 647 1143 port.
669 1050 755 1120 Lors
775 1050 968 1120 ordinerent
985 1051 1017 1122 le
1036 1051 1133 1122 noble
1152 1052 1247 1124 honre
1266 1055 1406 1124 messire
1422 1053 1506 1124 Gor-

309 1177 385 1269 froy
404 1176 445 1245 de
464 1175 653 1260 Villarduin,
679 1177 723 1246 lui
743 1182 839 1268 quart
859 1177 900 1247 de
918 1176 1110 1262 chevaliers,
1140 1186 1174 1249 et
1192 1179 1417 1250 l’envoierent
1435 1186 1509 1249 tout

312 1303 400 1374 droit
414 1303 433 1372 l
447 1303 477 1372 la
493 1303 557 1374 arte
577 1302 618 1372 de
628 1301 767 1384 Venise;
788 1326 859 1373 oue
873 1303 967 1396 quola
981 1307 1087 1396 firent
1104 1304 1206 1375 lones
1224 1306 1339 1376 lettres
1353 1315 1389 1375 et
1400 1304 1504 1374 done·

311 1439 389 1498 rent
412 1439 483 1501 tout
507 1431 561 1500 lor
582 1433 687 1524 pooir
711 1429 752 1500 de
778 1428 917 1500 ordiner
943 1439 977 1500 et
996 1433 1091 1525 faire
1111 1431 1164 1500 lor
1176 1455 1352 1524 parnay&
1381 1441 1416 1501 et
1433 1430 1507 1500 leur

304 1560 533 1650 prometoa'ont
549 1555 590 1625 de
610 1559 699 1626 tenir
717 1563 751 1626 et
766 1559 952 1626 marmana
969 1565 1041 1626 tout
1056 1579 1095 1627 ce
1113 1581 1178 1651 que
1195 1557 1225 1628 il
1240 1561 1511 1652 prometeroirnt

311 1690 346 1750 et
361 1680 594 1752 ordineroient
604 1705 696 1776 pour
713 1683 789 1751 leur
802 1705 960 1775 paaaoqe.

401 1807 508 1900 Apris
523 1813 595 1876 esst
609 1807 825 1890 ordinemeut‚
840 1807 977 1877 messire
992 1807 1130 1900 Goffroy
1146 1814 1180 1877 et
1193 1829 1248 1876 ses
1263 1809 1506 1900 eompaignons

312 1955 348 2002 se
364 1933 482 2002 inirent
496 1932 514 2002 a
528 1932 559 2002 la
575 1955 669 2025 voye,
691 1939 724 2003 et
738 1933 835 2002 ltrent
852 1939 924 2002 tant
939 1956 1003 2024 que
1018 1957 1078 2025 par
1093 1933 1145 2004 lor
1154 1933 1316 2026 journries
1331 1935 1359 2002 si
1375 1933 1507 2004 vinrent

310 2057 377 2129 alo
398 2057 462 2128 cite
482 2057 522 2127 de
542 2057 674 2129 Venise.
704 2059 748 2128 Et
767 2065 867 2152 quant
885 2057 907 2126 il
932 2057 1042 2128 iurent
1060 2083 1102 2130 en
1122 2059 1258 2143 Venise,
1283 2061 1311 2129 si
1331 2065 1507 2131 treverent

311 2184 343 2255 le
362 2184 427 2256 bon
447 2185 529 2268 Due,
550 2208 615 2279 que
629 2207 673 2255 on
688 2185 833 2278 appeloit
847 2185 985 2254 messire
1000 2185 1110 2277 Henry
1123 2183 1283 2269 Dandule‚
1304 2185 1410 2256 rnoult
1424 2207 1508 2278 sege

312 2319 346 2382 et
364 2311 495 2382 vaillant
523 2311 636 2394 horne,
665 2309 686 2379 li
706 2309 801 2403 quelx
820 2309 869 2380 les
888 2315 983 2396 reeut
1001 2310 1105 2381 moult
1126 2309 1268 2382 liement.
1297 2311 1368 2381 Yeil
1387 2313 1462 2383 Dux
1479 2313 1507 2382 si

310 2439 398 2509 avoit
416 2439 518 2508 moult
538 2445 654 2508 eourte
672 2461 771 2521 reue,
799 2461 857 2507 ear
881 2437 1093 2530 l’llrnpereor
1117 2437 1177 2507 des
1198 2438 1303 2508 Greos
1331 2439 1359 2508 si
1385 2437 1507 2508 l'avoit

311 2563 500 2634 embaehine
520 2566 568 2634 les
588 2589 671 2657 yeux
690 2585 775 2658 pour
794 2585 921 2634 aueune
940 2564 1133 2633 oeohoison.
1163 2563 1209 2633 Et
1232 2574 1339 2658 quant
1360 2568 1507 2636 meseire

313 2689 452 2787 Goffroy
478 2699 511 2762 et
536 2694 571 2761 ei
594 2693 814 2784 compotqnon
841 2699 939 2760 orent
964 2690 1164 2784 presentem
1193 2691 1247 2761 lor
1271 2691 1388 2762 lettres
1414 2690 1511 2784 qu'a'l

302 2820 477 2909 portoient
502 2842 547 2887 ou
575 2815 653 2886 Due
680 2816 722 2886 de
748 2815 885 2898 Venite,
911 2815 941 2884 si
965 2816 987 2885 li
1012 2819 1186 2886 conterent
1210 2815 1252 2885 de
1278 2827 1348 2885 mot
1373 2839 1414 2885 en
1436 2825 1507 2886 nrot

309 2941 545 3013 l'ordinenrent
573 2943 633 3012 dea
661 2943 776 3012 hernes
803 2942 844 3012 de
870 2942 1013 3024 Franee,
1043 2943 1069 3011 si
1094 2941 1116 3010 li
1142 2943 1289 3034 prierent
1308 2965 1373 3034 que
1393 2943 1415 3012 il
1436 2942 1510 3012 leur

309 3069 386 3139 feist
404 3066 609 3162 appareillier
628 3073 698 3138 tant
717 3067 759 3137 de
778 3067 935 3138 vaissiaus
955 3091 1018 3160 que
1038 3066 1092 3136 dix
1109 3066 1198 3136 rnille
1216 3067 1333 3138 homes
1351 3067 1372 3138 a
1392 3067 1507 3138 elreval

309 3202 342 3268 et
361 3207 476 3290 quatre
496 3195 582 3266 mille
600 3195 641 3264 de
659 3193 713 3288 pie
731 3217 753 3288 y
770 3194 921 3288 puissent
938 3217 1055 3287 passer
1074 3195 1264 3286 aysiement.
1291 3196 1335 3264 ut
1353 3201 1459 3287 quant
1475 3193 1507 3264 le

308 3325 380 3394 llue
400 3345 465 3415 ouy
484 3347 541 3394 ees
560 3321 740 3405 nouvelles,
766 3321 793 3390 si
813 3344 853 3390 en
872 3321 907 3390 fu
926 3320 1030 3390 rnoult
1047 3319 1119 3404 lie's,
1144 3321 1276 3392 cuidant
1294 3325 1330 3390 et
1346 3329 1507 3414 esperant

309 3475 373 3545 que
400 3474 461 3544 par
487 3450 518 3520 la
547 3471 651 3519 venue
676 3449 718 3518 de
745 3471 802 3518 ees
828 3447 942 3517 nobles
961 3446 1074 3517 hornes
1095 3447 1137 3517 de
1155 3449 1298 3530 Franoe,
1326 3447 1348 3517 il
1373 3449 1507 3540 porroit

309 3578 450 3648 eroistre
466 3582 499 3646 et
518 3575 670 3646 exaueier
689 3597 750 3644 sou
770 3597 920 3644 commun
939 3581 974 3644 et
992 3575 1144 3646 avaneier
1161 3597 1224 3646 son
1243 3574 1374 3644 honour
1392 3580 1427 3644 et
1442 3597 1504 3644 son

309 3709 405 3773 estat.
435 3701 479 3772 Et
506 3703 575 3772 lors
600 3702 655 3770 fist
680 3721 857 3770 ammasser
881 3707 958 3770 tous
983 3699 1033 3770 les
1055 3699 1172 3770 nobles
1191 3700 1304 3770 homes
1325 3700 1366 3769 de
1386 3701 1418 3770 la
1438 3699 1504 3770 eite'

308 3829 350 3898 de
369 3828 488 3898 Venise
513 3833 546 3898 et
571 3826 602 3895 le
625 3825 745 3920 peuple
775 3827 881 3909 aussi,
911 3849 951 3895 au
977 3826 1137 3896 monstier
1156 3825 1198 3895 de
1216 3825 1440 3908 saint-llere,
1469 3833 1505 3896 et

305 3953 376 4024 leur
395 3975 549 4024 sermone
569 3959 603 4022 et
621 3957 768 4021 monstra
787 3975 849 4044 par
866 3950 969 4020 movrlt
988 3951 1029 4020 tle
1047 3952 1197 4036 raisons,
1216 3957 1350 4022 eornent
1368 3951 1401 4021 le
1419 3975 1501 4045 pas·

305 4104 387 4173 sago
407 4079 448 4151 de
467 4103 523 4150 ees
547 4102 647 4172 grans
672 4079 844 4170 seigneurs
871 4079 974 4148 seroit
998 4077 1101 4148 rnoult
1120 4078 1298 4148 honerahle
1317 4085 1352 4148 et
1369 4081 1501 4172 pourt-

304 4206 394 4277 table
418 4230 459 4277 au
486 4229 603 4277 eornun
627 4205 669 4275 rle
689 4203 825 4288 Venise,
855 4211 888 4274 et
915 4209 987 4273 tant
1010 4205 1063 4274 lor
1088 4209 1143 4275 sot
1167 4204 1237 4274 dire
1263 4211 1297 4274 et
1320 4212 1500 4287 monstror,

306 4355 370 4426 que
388 4337 483 4403 toute
502 4331 646 4402 maniere
665 4329 705 4399 de
724 4335 820 4422 gent,
849 4335 921 4400 taut
945 4329 976 4399 le
995 4327 1114 4422 peuple
1131 4351 1227 4400 eorne
1245 4331 1276 4400 le
1296 4331 1501 4421 genn'lhorne

305 4460 347 4531 de
359 4459 491 4542 Venise,
512 4459 739 4529 consentirent
758 4461 792 4526 et
811 4462 1020 4550 ottroyerent
1039 4479 1102 4549 que
1122 4457 1421 4550 l’appareillement
1439 4459 1499 4530 des

303 4587 460 4658 vaissiaus
480 4609 517 4656 se
535 4585 612 4655 feist
629 4607 716 4678 pour
734 4605 850 4678 passer
867 4583 899 4653 la
917 4583 1037 4653 devant
1056 4584 1123 4653 dite
1142 4590 1223 4676 gent
1241 4583 1283 4653 de
1302 4586 1443 4658 nanee.
