3110 5076
570 349 801 406 CMSSAAUOBUE
814 352 990 406 Vnrrlrnnurr
1004 369 1172 406 Goitsstrtlw!

381 520 528 592 Andreas
547 521 631 592 delia
649 521 749 593 Senel
767 545 929 618 perperos
947 525 1093 618 triginta.

381 649 544 719 Costanzo
563 649 692 720 Venero
711 673 870 743 perperos
889 651 1002 744 viginti
1021 652 1171 745 quinque.

382 774 487 846 Litolo
506 799 666 869 perperos
685 777 807 871 viginti.

385 901 565 973 Benedieto
584 901 670 973 Zane
689 925 848 996 perperos
867 904 1091 998 qnadraginta.

380 1031 521 1100 Joannes
541 1028 687 1123 Tybaldo
706 1052 867 1123 perperos
886 1031 1010 1122 viginti.

382 1156 509 1227 Marsus
528 1155 630 1227 Steno
650 1179 808 1249 perperos
827 1157 950 1250 viginti.

380 1284 538 1354 Henrieus
558 1284 745 1354 Premarino
764 1306 924 1378 perperos
942 1285 1066 1378 viginti.

382 1411 496 1480 Petrus
514 1409 641 1482 tuliano
661 1433 820 1504 perperos
839 1411 950 1504 viginti
969 1412 1120 1504 quinque.

381 1535 534 1608 Nicotaus
553 1537 685 1608 Fadetro
704 1560 862 1631 perperos
881 1537 1106 1634 qnadraginta.
1542 1625 1543 1648 Χ

380 1665 495 1734 Petrus
522 1664 650 1736 tuliano
678 1665 893 1737 commodavit
923 1689 984 1759 pro
1011 1665 1136 1738 Radino
1166 1663 1284 1736 Albino
1313 1686 1460 1758 perperos
1542 1649 1543 1685 ³

294 1791 405 1882 viginti
425 1791 576 1885 quinque.
1542 1764 1543 1775 ἵ

381 1917 541 1990 Mattheus
560 1919 706 1990 Romano
725 1941 885 2014 perperos
905 1919 1097 2012 quindecim.

321 2117 326 2128 ,
382 2045 522 2115 Marinus
541 2045 670 2138 Viglnni
689 2069 848 2139 perperos
867 2045 979 2139 viginti
997 2048 1149 2141 quinque.

386 2173 531 2243 ioannes
549 2172 685 2244 Barozni
704 2195 863 2265 perperos
882 2174 994 2244 decern
1014 2180 1047 2244 et
1064 2173 1132 2244 vtl.

382 2297 524 2370 Paseadis
539 2300 702 2370 Aeotanto
717 2301 933 2372 commodarit
951 2323 1011 2394 pro
1030 2301 1141 2372 Marco
1161 2298 1293 2392 Megalo
1312 2319 1466 2392 perperos

295 2426 416 2518 viginti.

382 2551 549 2646 Valengna
568 2552 616 2624 Da
634 2551 743 2645 Magia
761 2572 920 2646 perperos
940 2553 1130 2647 quindeeirn.

382 2679 511 2750 Merena
530 2679 653 2750 Heneio
674 2703 833 2774 perperos
852 2681 975 2752 deeem.

384 2807 501 2878 Petrus
521 2806 705 2878 Gredonino
724 2829 884 2902 perperos
904 2809 1015 2901 viginti
1035 2829 1159 2878 norem.

384 2933 495 3004 Vitatis
514 2933 700 3004 Grnrnetuni
719 2957 878 3028 perperos
898 2935 1022 3006 decern.

383 3061 526 3132 Jaeobus
550 3059 708 3132 cornerio
734 3061 949 3136 commodarit
976 3085 1036 3156 pro
1064 3085 1101 3132 se
1128 3081 1289 3153 perperos
1314 3061 1470 3152 quinqua·

296 3188 386 3281 ginta
411 3189 568 3282 quinque,
595 3195 628 3258 et
651 3211 712 3281 pro
737 3188 862 3260 Jaeobo
882 3187 1051 3282 Theuprdn
1076 3209 1236 3282 perperos
1260 3185 1471 3277 vigintiduo,

297 3322 330 3385 et
348 3338 407 3408 pro
427 3316 537 3388 Marco
558 3313 741 3386 d'Arirnino
761 3338 921 3408 perperos
940 3316 1063 3409 viginti,

386 3450 420 3514 et
437 3465 497 3536 pro
516 3441 619 3534 Nigro
638 3464 797 3535 perperos
816 3442 941 3534 viginti,

386 3575 419 3640 et
437 3593 497 3663 pro
517 3569 654 3640 Martino
673 3591 833 3662 perperos
853 3569 978 3662 viginti,

387 3701 419 3766 et
436 3719 496 3789 pro
516 3696 610 3767 vitari
630 3695 856 3768 Cordouarinn
876 3719 1035 3790 perperos
1054 3695 1247 3790 quindeeirn,

387 3831 421 3894 et
437 3847 498 3917 pro
518 3827 642 3895 Joanne
660 3824 857 3894 Martinanzo
876 3845 1034 3918 perperos
1054 3824 1178 3908 decern,

387 3958 420 4022 et
438 3975 499 4045 pro
518 3952 641 4022 Marino
662 3952 848 4022 Contereno
867 3975 1024 4045 perperos
1044 3953 1287 4045 quinquaginta.

387 4078 535 4148 Andreas
577 4079 736 4150 Cornario
777 4103 837 4172 pro
878 4101 914 4150 se
954 4101 1113 4173 perperos
1159 4084 1288 4150 eentum
1332 4079 1474 4170 quadre-

299 4207 388 4298 ginta
407 4213 496 4290 neto,

388 4339 421 4404 et
438 4355 499 4426 pro
518 4331 745 4408 Bartholomeo
766 4333 873 4402 Greeo
892 4355 1051 4428 perperos
1070 4334 1312 4428 qninquaginta,

388 4467 421 4531 et
439 4483 499 4554 pro
520 4459 676 4553 Phylippo
695 4461 827 4554 Benqna
847 4483 1006 4554 perperos
1024 4462 1254 4554 qninquaginta
1274 4479 1385 4542 unum,

389 4595 422 4660 et
440 4611 499 4680 pro
518 4585 685 4680 Stephano
704 4585 849 4681 Belegno
869 4611 1029 4684 perperos
1047 4587 1253 4682 sebtuaginta
1272 4586 1356 4668 duo;
