3130 5078
1397 13 1558 239 Ἴ

294 539 430 607 Sacratis
456 543 586 610 fidelium
613 549 711 616 crucis
745 569 814 634 pag.
842 551 907 616 293
936 551 984 614 ed.
1012 553 1158 635 Bongars.
1188 556 1255 620 hac
1283 561 1388 620 namot
1417 557 1485 644 (est

296 655 420 737 epistola
438 657 503 740 ejus
520 660 616 729 tertia,
634 659 746 743 scripta
763 679 838 722 anno
856 659 968 724 domini
988 661 1109 747 1325):

297 363 374 437 496
706 384 842 440 Paarrrao
856 399 943 441 nona
956 387 1075 442 Gesner.

384 767 489 842 Novo,
514 789 583 854 poce
604 767 702 833 habeo
726 769 767 834 de
791 771 945 835 Romania
964 793 1027 858 per
1050 773 1202 838 hominem
1221 775 1287 860 fide
1307 776 1439 861 dionem
1455 784 1484 840 rt

293 873 439 947 sciolum,
468 877 523 963 qai
548 879 699 943 venitote
725 879 1028 973 Niproponw),
1059 891 1133 948 sant
1163 884 1244 948 istm
1276 885 1372 958 dicit,
1401 886 1484 972 prsod

294 981 534 1050 Athenarum
563 987 768 1072 ancarana)
792 1008 885 1074 qnam
908 989 1083 1076 plurimam
1110 999 1158 1056 eet
1183 992 1314 1065 ditatum,
1342 1001 1375 1057 et
1402 993 1486 1082 qnod

295 1093 552 1181 Catellanill.
589 1097 644 1185 qui
668 1097 871 1163 dominantur
898 1100 1026 1176 ibidem,
1055 1102 1291 1189 acquisiverant
1318 1111 1349 1167 et
1377 1111 1483 1168 tenent

291 1201 325 1266 in
356 1204 577 1292 azachias)
617 1209 840 1294 Lapnter⁵l
888 1217 920 1274 et
957 1217 1094 1276 castra
1131 1211 1410 1298 honorianis)
1451 1221 1483 1277 at

288 1338 617 1354 ...ψ-..μη

320 1415 346 1490 ¹)
366 1419 429 1474 l‘oal
441 1426 545 1492 captam
560 1441 574 1478 a
588 1423 686 1479 Latinis
707 1441 773 1478 anno
793 1425 863 1480 1264
879 1423 1123 1499 Constantinopolin
1135 1426 1223 1480 Enboa
1237 1427 1322 1482 insula
1340 1428 1480 1500 (Euripus.

366 1510 488 1584 Egripus,
500 1515 651 1588 Nigripons,
664 1517 836 1588 Neproponte
850 1517 926 1572 medii
941 1517 1003 1590 ari)
1018 1518 1043 1571 in
1056 1521 1214 1589 potestatam
1227 1519 1395 1583 Venetorum,
1407 1523 1479 1572 certe

366 1621 415 1674 per
435 1610 536 1676 partes,
555 1607 672 1673 devenit3
692 1607 847 1678 inquorum
867 1609 966 1664 ditione
985 1611 1134 1664 seculorum
1154 1609 1348 1680 insequentium
1369 1610 1480 1664 decursu

365 1697 517 1765 permansit.
540 1696 614 1751 Unde
632 1697 726 1752 nemini
746 1699 851 1752 dubium
869 1700 932 1760 erit,
953 1699 1113 1772 Anonymum
1131 1702 1251 1772 epistola
1270 1705 1369 1756 nostrae
1393 1700 1479 1754 itidem

366 1785 490 1841 Venatum
507 1791 593 1860 patria
611 1789 707 1852 luisse;
727 1790 784 1860 qui,
805 1807 884 1861 quum
896 1789 922 1843 in
935 1791 1025 1845 liubila
1040 1797 1196 1854 versaretur,
1219 1791 1289 1844 varia
1310 1791 1431 1846 audierat
1449 1792 1481 1846 de

364 1877 470 1932 Vlacbia
484 1880 661 1953 (Thessalia),
679 1880 723 1934 ubi
737 1880 902 1935 tummaaime
923 1879 1030 1953 Hispani
1044 1883 1194 1954 (catalani)
1214 1884 1420 1953 grassabantur:
1440 1885 1481 1936 ast

364 1973 450 2024 autem
466 1971 609 2026 Thessaliae
625 1971 801 2026 meridionalis
814 1988 861 2026 ora
873 1971 969 2026 Euboe
982 1973 1073 2028 insulse
1087 1974 1218 2044 opposita,
1237 1973 1383 2045 lanamque
1396 1973 1421 2028 iu
1432 1973 1481 2028 ista

364 2058 507 2116 Thessaliae
521 2067 596 2135 parte
609 2067 706 2134 preter
718 2063 769 2118 alie
781 2063 900 2116 Pteleum
915 2063 1030 2136 (ontio)
1043 2067 1134 2118 urbem
1147 2065 1282 2118 tenebant.

316 2149 344 2222 ²)
363 2151 390 2204 ln
404 2152 511 2208 historie
524 2155 636 2208 ducatus
647 2155 805 2208 Athenarum
820 2159 872 2207 tras
886 2158 977 2208 aetotes
991 2154 1045 2210 sire
1059 2155 1193 2228 dynastiae
1207 2155 1407 2224 distinguendas
1423 2172 1480 2210 esse

363 2245 474 2297 constat.
506 2246 599 2299 Earum
623 2245 705 2316 prima
725 2243 775 2297 init
796 2245 996 2314 Trancogallica
1021 2243 1060 2316 (a.
1080 2244 1104 2296 d.
1126 2245 1337 2316 1266-1316];
1362 2247 1478 2300 secunda

365 2331 515 2390 Catalanioa
529 2335 583 2390 sira
598 2335 732 2406 llispanica
747 2335 786 2406 (a.
800 2335 1047 2407 (1.1316-1386);
1066 2335 1145 2390 tertia
1158 2335 1479 2408 1111161(1386-1466)τ

363 2426 491 2498 Anonymi
511 2427 593 2481 nostri
611 2426 702 2481 notitia
715 2427 857 2480 secundam
869 2425 959 2480 harum
972 2427 1148 2498 dynastiarum
1166 2431 1288 2499 spectat,
1306 2427 1480 2499 llispanicam.

364 2519 391 2571 at
403 2517 508 2588 quidem
519 2518 591 2572 initia
600 2518 667 2589 ejus.
681 2517 808 2572 Ducatnm
818 2517 977 2572 Athenarum
990 2535 1074 2590 nuper
1083 2517 1223 2574 illustrarit
1234 2519 1351 2591 llopiii
1366 2520 1480 2574 libellus:

363 2607 402 2662 De
415 2609 532 2664 historin
545 2610 662 2664 Ducatus
676 2608 844 2664 Atheniensis
857 2606 983 2663 tontibus.
1003 2609 1108 2662 Bnunse.
1123 2609 1200 2664 1852.

315 2693 343 2766 ⁸)
363 2695 488 2752 Cetcllnni
502 2698 653 2770 (Catalani)
668 2698 810 2770 Anonymi,
834 2699 980 2752 Κατελανοὶ
999 2699 1181 2754 Cantacuaeno
1202 2702 1230 2753 et
1247 2699 1398 2771 Nicephoro
1413 2699 1479 2754 Gre-

363 2805 442 2858 gorse,
453 2789 609 2858 Amogabari
620 2789 735 2858 Georgia
748 2787 922 2861 Pechymerae.
931 2788 1014 2859 primo
1026 2791 1143 2860 tempore
1154 2787 1322 2860 imperatoris
1330 2789 1479 2844 Grannum

364 2879 538 2950 stipendiarii,
555 2897 614 2934 mox
628 2881 659 2934 ab
673 2897 704 2934 eo
719 2879 853 2933 dissociati
867 2879 1005 2950 imperium
1020 2879 1153 2934 Orientale
1166 2879 1340 2944 infestabant3
1360 2881 1420 2933 binc
1433 2897 1480 2951 per

363 2969 515 3033 Thronium,
542 2972 718 3027 Macedoniam
741 2987 773 3025 ac
795 2971 960 3025 Thessaliam
984 2971 1112 3042 proiecti,
1138 2987 1204 3041 quas
1228 2975 1314 3024 terras
1337 2971 1478 3044 predando

364 3063 514 3126 vastabant,
533 3061 660 3118 aduersus
672 3061 872 3131 oroneogouos,
891 3062 1051 3116 Athenarum
1066 3061 1191 3124 dominos,
1209 3061 1368 3126 laudabant;
1388 3062 1480 3133 quibua

364 3153 495 3210 inlibatis
515 3155 587 3227 apud
600 3153 756 3226 Cephiasum
775 3153 868 3208 flumen
888 3153 1027 3208 debellatis
1046 3154 1175 3208 Ducatum
1188 3152 1368 3208 catalaunicum
1388 3153 1480 3225 (Com-

363 3247 482 3320 pagniam
497 3245 686 3320 Catalenicam)
704 3249 730 3300 in
742 3250 813 3300 terre
828 3245 916 3299 Attica
933 3245 1066 3299 conditum
1079 3245 1161 3298 luisse
1175 3248 1287 3299 constet.
1308 3245 1386 3311 Quod
1397 3245 1480 3298 euenit

362 3339 431 3392 inter
444 3357 526 3393 annos
541 3339 611 3394 1308
625 3343 652 3393 et
667 3338 743 3393 1316.
763 3337 802 3392 De
816 3338 864 3400 his,
878 3337 900 3390 si
915 3337 1022 3390 Grecos
1035 3339 1150 3409 speclea,
1165 3335 1206 3389 adi
1220 3335 1366 3407 Georgium
1380 3337 1479 3410 Pachy-

363 3447 461 3485 merem
474 3433 499 3486 in
513 3431 662 3486 Andronico
675 3431 701 3492 7,
715 3432 750 3486 36
770 3431 855 3502 (Opp.
871 3429 912 3481 ad.
927 3429 1007 3481 bonu.
1021 3427 1052 3482 T.
1066 3427 1101 3490 11,
1121 3447 1148 3499 p.
1162 3429 1215 3482 656
1229 3428 1302 3500 sq.);
1321 3429 1384 3481 item
1401 3428 1479 3482 Nice-
1551 3409 1553 3478 Ῐ

362 3523 471 3594 phorum
491 3523 636 3594 Gregoram
659 3523 701 3576 ed.
721 3523 766 3576 cit.
786 3537 847 3592 pag.
866 3522 920 3574 244
939 3537 994 3591 sq.;
1019 3537 1078 3573 mox
1094 3519 1260 3574 Theodotum
1279 3521 1434 3589 Magistrum
1455 3522 1479 3573 in

363 3613 525 3669 Boissonadii
537 3613 657 3668 Anecdd.
671 3614 717 3667 Gr.
730 3613 762 3666 T.
777 3613 808 3674 ll,
820 3631 845 3682 p.
862 3611 922 3666 188.
939 3611 1000 3665 194.
1014 3611 1076 3664 266.
1089 3611 1151 3666 261.
1165 3611 1227 3665 212.
1240 3610 1303 3666 219.
1324 3611 1379 3664 lter
1392 3613 1479 3665 horum

364 3704 514 3774 praedonum
527 3721 576 3776 per
589 3703 764 3758 Macedoniam
778 3703 874 3756 iactum
892 3700 1001 3772 respicit
1015 3703 1104 3754 nostor
1116 3699 1264 3754 Sanutua
1283 3700 1309 3753 in
1331 3701 1453 3771 epistolis
1466 3719 1479 3752 a

362 3797 540 3850 Kunslmanno
551 3794 629 3848 editis
640 3795 664 3848 in
675 3794 776 3848 libello:
788 3793 898 3847 Studien
913 3793 977 3846 iiber
989 3792 1111 3848 hiarino
1121 3790 1249 3844 Sanndo
1264 3792 1314 3844 den
1322 3779 1426 3854 Alteru.
1436 3791 1480 3844 mit

364 3887 447 3941 eincm
465 3887 591 3958 Anhange
609 3885 695 3940 seiner
715 3885 914 3956 ungedruclnten
932 3881 1029 3936 bricia.
1054 3883 1182 3936 Monachii
1203 3883 1281 3937 1855.
1300 3901 1327 3954 p.
1340 3883 1391 3938 79:
1415 3883 1480 3952 Qun

364 3979 524 4050 (compagae
534 3975 730 4050 catalonorum)
742 3975 920 4050 postmodnm
930 3975 1007 4030 uenit
1017 3974 1225 4031 Cassandream
1237 3977 1264 4029 et
1272 3974 1479 4044 Apioonnniam.

366 4071 414 4126 Ubi
428 4069 512 4140 Agin
532 4071 663 4124 Mamam
682 4067 830 4138 legendum,
844 4083 929 4138 prope
942 4065 1083 4137 Olynthum
1097 4069 1223 4120 veterum.

314 4159 343 4234 ⁸)
364 4163 467 4218 blachia
487 4161 622 4234 (Vlaohia.
642 4159 792 4231 Walacbia)
812 4164 854 4212 est
866 4157 1000 4212 Thessalia
1016 4163 1131 4212 veterum
1144 4175 1223 4212 sensu
1236 4159 1306 4218 lato.
1326 4158 1343 4211 i.
1358 4175 1383 4212 s.
1398 4157 1478 4212 omnia

363 4257 434 4309 terra
444 4253 512 4307 inter
522 4253 614 4308 Oetam
625 4251 815 4324 Olympumquo
826 4253 927 4304 montes
938 4251 998 4304 sita.
1011 4249 1079 4304 Alibi
1090 4249 1261 4319 distinguitur
1271 4247 1340 4304 inter
1349 4250 1477 4304 blachiam

364 4362 481 4415 magnam
496 4343 687 4416 (Thessaliam)
701 4346 728 4396 et
741 4359 846 4414 parram
861 4341 1003 4413 (Aetoliam
1017 4357 1077 4394 cum
1087 4339 1259 4412 Acarnania);
1272 4340 1305 4394 de
1317 4341 1413 4412 quibus
1423 4341 1477 4394 side

364 4436 576 4489 Thessalonicam
601 4437 714 4488 nostram
734 4450 796 4504 pag.
820 4433 873 4488 496
896 4449 936 4502 sq.
969 4429 1042 4485 Addo
1066 4431 1159 4484 librum
1181 4451 1195 4484 a
1217 4431 1341 4484 burbono
1365 4431 1473 4484 editum:

367 4523 475 4597 Βιβλίαν
493 4531 539 4587 τῆς
553 4525 718 4593 Κουγκέστας
735 4540 796 4594 pag.
810 4522 852 4577 39.
866 4523 910 4576 41.
924 4521 967 4576 68.
980 4521 1024 4576 97.
1039 4521 1100 4575 118.
1115 4521 1176 4575 129.
1191 4519 1252 4574 138.
1265 4521 1328 4573 268.
1340 4523 1404 4576 262.
1417 4521 1472 4574 281.

368 4617 429 4674 317.
442 4617 503 4672 326.
518 4617 583 4670 ltem
596 4617 689 4670 librum
699 4617 731 4670 ab
742 4614 839 4669 Eodem
851 4615 964 4669 editum:
978 4614 1014 4667 lm
1028 4613 1094 4667 lirrs
1109 4611 1141 4666 tle
1154 4613 1178 4667 la
1191 4619 1348 4683 conquesta,
1362 4631 1420 4685 pag.
1433 4613 1471 4666 21.
