3110 5080
287 355 365 428 430
611 364 738 420 Larasa:
752 363 924 420 &neaeram
938 363 1140 422 salussam.

287 535 528 610 subversionem
556 533 716 606 libertatis
743 535 894 629 antiquae
921 535 1056 608 lrab'noa
1083 541 1250 608 assereret
1275 535 1465 617 adventare,

287 664 340 758 qui
360 666 507 736 Romano
529 661 673 758 pontiflci
699 661 808 734 locum
826 669 861 734 et
877 668 1010 756 gentem
1036 661 1214 734 restituere
1235 669 1465 756 properarent,

286 796 321 861 et
342 789 532 862 Latinorum
555 788 683 882 legibus
706 789 877 882 imperium
896 788 1088 882 subjugare.
1116 789 1206 862 llaec
1229 789 1386 885 prolecto
1411 811 1465 858 res

286 919 334 990 sic
352 940 465 990 omnes
483 921 599 988 contra
619 937 678 988 nos
692 913 841 986 animarit
853 916 979 1010 pariter
996 921 1031 987 et
1047 916 1195 1000 armarit,
1214 921 1387 988 utcontra
1406 937 1467 985 nos

286 1051 320 1115 et
338 1043 463 1116 exulem
480 1048 628 1113 nostrum
646 1040 834 1112 viderentur
852 1064 964 1112 omnes
983 1042 1106 1137 pariter
1124 1043 1330 1136 conjurasse.

376 1169 513 1265 Saepius
528 1190 610 1263 ergo
631 1191 689 1262 per
708 1169 840 1240 nuntios
858 1175 1004 1253 nostros,
1023 1171 1119 1240 immo
1138 1191 1201 1264 per
1218 1172 1323 1264 ipsum
1341 1169 1467 1240 exulem

288 1304 455 1380 nostrum,
479 1303 513 1368 et
531 1295 672 1368 barones
692 1301 825 1366 nostros
845 1320 864 1368 a
883 1295 1005 1368 civibus
1024 1296 1230 1391 postulantes
1254 1296 1379 1380 audiri,
1406 1319 1467 1367 nec

287 1423 445 1496 adventus
465 1423 568 1495 nostri
590 1443 739 1507 cansam,
764 1445 826 1494 nec
845 1423 1013 1517 petitionis
1033 1423 1162 1495 modum
1181 1423 1347 1518 potuimus
1366 1422 1468 1518 expli-

287 1573 381 1633 care;
405 1551 464 1623 sed
488 1549 638 1644 quotiens
661 1555 753 1622 terra
778 1549 829 1620 vel
854 1549 933 1620 mari
952 1549 1113 1622 stantibus
1131 1549 1162 1621 in
1182 1573 1274 1622 muro
1294 1572 1467 1621 sermones

287 1677 482 1761 obtulimus,
514 1676 638 1748 totiens
671 1675 839 1748 retulimus
864 1676 930 1748 tela
957 1697 1019 1770 pro
1051 1676 1170 1748 verbis.
1209 1677 1467 1748 considerantes

286 1804 396 1898 igitur,
416 1802 504 1897 quod
522 1808 653 1898 praeter
672 1823 763 1896 spem
781 1808 925 1874 nostram
945 1809 1065 1874 cuncta
1083 1803 1325 1897 contingerent,
1345 1802 1467 1874 ineam

285 1937 404 2002 statum
432 1927 637 2002 necessitatis
664 1928 811 2022 impacti,
836 1928 998 2000 utstatim
1025 1951 1162 2000 neemse
1188 1929 1385 2002 haberemus
1411 1937 1468 2001 ant

285 2060 393 2154 perire
413 2064 468 2129 aut
486 2055 630 2140 vincere,
649 2079 722 2128 cnm
742 2055 946 2128 obsidionem
965 2057 1066 2150 ipsam
1080 2055 1166 2128 nulla
1180 2056 1355 2128 rationein
1370 2058 1467 2150 quin·

289 2185 394 2258 decim
413 2183 482 2256 dies
502 2182 668 2277 protelare
686 2205 870 2276 possemus,
890 2205 973 2276 quos
992 2182 1177 2254 victualium
1195 2184 1337 2254 omnium
1355 2183 1468 2256 inere·

288 2310 394 2384 dibilis
427 2315 564 2404 urgeret
595 2309 764 2404 angustia,
796 2329 862 2380 non
895 2331 934 2380 ex
966 2309 1197 2403 desperatione
1228 2309 1376 2403 paridem,
1409 2308 1468 2380 sed

286 2439 442 2534 inspirata
470 2435 812 2532 quadam-securitate
845 2434 996 2508 divinitus
1028 2437 1194 2530 suspirare
1225 2437 1397 2531 coepimus
1429 2435 1468 2506 ad

286 2565 390 2650 bella,
415 2563 599 2659 paucissimi
609 2553 639 2655 ¹)
659 2563 813 2657 periculis
833 2586 893 2636 nos
913 2563 1072 2636 audacter
1090 2585 1275 2658 opponere,
1304 2570 1338 2635 et
1357 2565 1467 2636 incre-

288 2691 428 2764 dibiliter
453 2691 485 2761 in
504 2690 652 2761 omnibns
676 2674 842 2775 obtinere,
869 2689 910 2761 ad
930 2689 1115 2763 conflictum
1133 2692 1230 2762 etiam
1250 2696 1469 2784 campestrem

287 2818 417 2912 saepius
450 2815 607 2900 ordinati,
641 2815 907 2888 inaestimabilem
942 2817 1175 2890 multitudinem
1208 2819 1289 2912 tuga
1321 2818 1354 2888 in
1386 2816 1468 2888 urbe

289 2945 504 3040 ignominiosa
531 2943 761 3018 conclusimus.
797 2944 925 3039 Aptatis
948 2945 1049 3039 igitur
1072 2947 1200 3018 interim
1224 2953 1315 3018 terra
1335 2947 1468 3016 otmari

287 3071 412 3144 bellicis
449 3070 671 3144 instrumentis
703 3069 756 3141 die
789 3071 970 3143 obsidionis
1001 3078 1118 3145 octavo
1158 3071 1318 3144 violenter
1350 3071 1466 3142 ciritae

286 3201 458 3284 introitur,
487 3206 658 3292 grassatur
682 3197 882 3282 incendium,
907 3199 1105 3294 disponitis
1131 3219 1245 3294 campo
1271 3205 1390 3270 eontra
1408 3221 1466 3270 nos

286 3327 373 3399 acies
391 3325 583 3419 Imperator,
611 3329 644 3395 et
661 3325 784 3418 paratis
802 3325 898 3395 nobis
916 3325 1067 3420 excipere
1085 3326 1282 3410 venientem,
1308 3331 1466 3398 constan·

285 3454 363 3524 tiam
377 3457 520 3523 nostram
536 3473 608 3522 curn
622 3451 785 3545 paucitate
798 3451 944 3535 miratus,
959 3451 1175 3545 ignominiose
1188 3451 1303 3522 lraena
1312 3451 1465 3533 reflectit,

285 3579 319 3650 in
336 3579 449 3650 urbem
467 3583 697 3672 retrogressus
716 3577 895 3650 ardentem.
926 3579 997 3674 lpsa
1016 3584 1114 3650 nocte
1131 3579 1243 3672 fugam
1261 3601 1336 3648 cnm
1354 3577 1467 3672 paucis

287 3705 500 3800 aggreditur,
532 3726 688 3798 suamque
720 3705 752 3774 in
785 3703 867 3776 urbe
894 3703 1048 3798 relinquit
1074 3727 1207 3778 uxorem
1235 3711 1269 3776 et
1301 3704 1466 3798 parvulam

287 3833 424 3928 prolem.
458 3831 579 3904 Eadem
603 3854 641 3901 re
667 3837 854 3926 comperta,
879 3832 1100 3904 nescientibus
1126 3832 1239 3917 nobis,
1263 3835 1465 3904 Graecorum

288 3983 444 4055 proceres
469 3960 502 4030 in
527 3957 647 4052 palatio
672 3963 931 4052 congregantur,
957 3965 990 4030 et
1018 3959 1120 4030 exulis
1145 3959 1251 4030 nostri
1277 3955 1466 4051 sollempnis

288 4086 473 4158 celebratur
488 4084 618 4170 electio,
643 4107 702 4156 seu
720 4085 831 4179 potius
849 4084 1014 4157 restitutio
1034 4083 1231 4166 declaratur,
1250 4083 1466 4178 insperatam·

287 4237 351 4308 que
375 4213 526 4284 laetitiam
554 4211 690 4305 copiosa
712 4211 743 4281 in
768 4210 888 4305 palatio
913 4211 1081 4284 luminaria
1107 4217 1343 4306 protestantur.
1373 4211 1464 4292 Mane

286 4341 377 4412 facto
399 4339 509 4434 prodit
526 4339 558 4408 in
577 4344 687 4411 castra
706 4337 841 4433 copiosa
860 4339 1061 4410 Graecorum
1078 4361 1253 4434 procerum
1281 4338 1464 4422 multitudo,

312 4563 340 4639 ¹)
359 4564 604 4638 promptissimi
624 4562 766 4620 Geatlnn.
