3120 5078
287 298 362 372 282
519 311 627 366 Limnen
640 311 734 366 luuoo.
749 312 782 367 ΙΙΙ
794 328 830 368 no
844 327 922 366 scen.
936 311 965 368 8.
978 311 1070 366 llaum
1084 325 1120 364 ou
1135 311 1222 366 Troo.

286 475 393 542 Ursum
408 478 570 544 Boduurio
585 485 616 544 ct
631 477 789 544 Marinum
810 479 936 545 Jacobse
957 479 1055 565 Papae
1078 479 1197 565 leputoc
1217 477 1330 554 mittit,
1353 475 1466 564 probus

277 590 538 676 prosequentibus
560 590 715 654 sententio
736 591 903 654 cunulbrto
919 594 976 665 cst,
1000 597 1031 653 ct
1046 587 1179 653 occhein
1194 587 1299 652 suncti
1312 586 1419 654 Murci
1433 585 1468 650 in

276 699 354 783 jure
377 720 432 763 suo
456 699 657 786 inteprolitcr
679 699 845 774 reets'tutu;
869 705 901 765 ct
921 699 967 762 au
983 703 1173 784 perpetuom
1195 695 1376 760 mensorium
1400 694 1468 760 lucc

232 846 236 854 ·
283 815 393 873 notatu
410 815 457 874 cst
472 809 599 880 dccmio,
616 814 651 873 ut
668 810 687 872 l.
706 814 913 873 contestatum
931 807 962 872 0.
980 805 1141 871 accedens.

372 958 585 1032 lnnocencius
607 960 791 1054 episcopus,
811 982 927 1030 seruus
947 979 1118 1028 seruorum
1136 957 1201 1040 dei,
1224 953 1467 1026 uenerabilibus

283 1087 448 1172 iratribus,
463 1087 726 1160 ierosolimitano
740 1085 925 1182 patriarche
941 1093 975 1156 ct
989 1084 1236 1179 archiepiscopo
1251 1082 1467 1167 Cessamensi,

286 1215 422 1287 salutem
441 1221 474 1286 ct
493 1215 705 1308 apostolicam
723 1213 995 1285 benedictionem.

378 1342 548 1414 Accedens
567 1341 609 1412 ad
628 1343 824 1436 presentiam
843 1346 999 1426 nostram,
1021 1338 1214 1412 uenerabilis
1233 1337 1339 1409 irater
1351 1343 1469 1408 noster

282 1469 458 1563 Papbensis
478 1470 662 1564 episcopus,
690 1469 922 1540 uenerabilium
946 1470 1082 1539 fratrum
1101 1473 1302 1550 nostrorum,
1330 1465 1467 1536 Accho·
1550 1520 1551 1523 ,

282 1599 408 1679 nensis,
433 1597 674 1668 Tiberiadcnsis
704 1603 737 1667 et
763 1595 942 1667 Beritcnsis
967 1595 1197 1690 episcoporum
1220 1591 1315 1662 nobis
1340 1592 1469 1662 litteras

282 1725 493 1818 presentauit,
514 1725 707 1796 sententiam
721 1725 937 1806 continentes,
954 1745 1048 1815 quam
1062 1745 1161 1816 super
1177 1743 1287 1804 causa,
1303 1719 1469 1812 quainter

282 1851 498 1922 uenerabilem
520 1852 655 1922 fratrem
680 1859 827 1922 nostrum
847 1851 1017 1922 Tircnsem
1043 1849 1325 1942 arehiepiscopum
1345 1870 1384 1917 ex
1402 1870 1468 1918 una

282 1984 388 2073 parte,
409 1984 443 2049 et
461 1978 633 2074 plebanum
652 1981 754 2051 sancti
774 1980 874 2050 llarci
894 2002 932 2050 ex
951 1978 1053 2050 altera
1070 1977 1274 2060 uertebatur‚
1301 1975 1385 2046 idem
1406 1975 1469 2068 ipsi

282 2105 542 2202 promulgarunt.

371 2232 572 2304 Asscrebant
586 2233 670 2303 cnim
686 2232 832 2326 episcopi
852 2233 1019 2304 memorati
1037 2256 1097 2328 per
1115 2231 1241 2302 litteras
1255 2253 1343 2312 suas,
1364 2229 1469 2323 quod,

284 2384 356 2432 cum
375 2383 507 2432 causam
525 2361 628 2454 ipsam
643 2361 683 2430 dc
699 2361 850 2432 mandato
866 2357 981 2431 nostro
996 2361 1202 2452 susceperint
1214 2357 1469 2441 terminandam,

281 2495 391 2584 partes
410 2489 451 2558 ad
470 2511 561 2559 suam
579 2489 778 2583 presentiam
797 2493 1087 2569 conuocauerunt;
1111 2485 1170 2556 scd
1196 2485 1364 2580 predictus
1390 2485 1470 2578 ple-

283 2615 387 2684 banus
405 2637 466 2684 nec
486 2637 598 2686 eorum
618 2614 762 2697 litteras,
790 2613 959 2706 inquibus
984 2611 1125 2682 mandati
1149 2611 1253 2682 nostri
1276 2619 1375 2680 tenor
1395 2616 1473 2681 erat

284 2762 468 2834 expressus,
488 2743 636 2836 recipere
655 2742 767 2825 uoluit,
788 2765 848 2812 uec
863 2763 977 2812 corum
991 2763 1028 2809 se
1042 2739 1231 2833 conspectui
1251 2743 1469 2832 presentare;

284 2873 318 2938 et
336 2867 479 2938 secundo
506 2869 639 2949 citatus,
663 2867 740 2938 licet
765 2891 827 2938 nec
853 2891 966 2937 corum
987 2867 1132 2936 nuntium
1152 2887 1213 2936 nec
1232 2864 1357 2936 litteras
1377 2865 1472 2935 reci-

282 3017 363 3088 pere
382 2993 558 3079 uoluisset,
588 3017 698 3066 coram
719 2995 766 3064 eis
786 2995 950 3089 apparuit,
975 2993 1094 3088 prioris
1114 2991 1260 3064 absentie
1279 3015 1338 3062 sue
1357 2993 1472 3063 cauus

286 3123 446 3214 allegatis,
467 3130 500 3192 et
518 3123 666 3216 inspecto
687 3129 803 3193 tenore
822 3121 1002 3193 litterarum
1020 3127 1217 3204 nostrarum,
1237 3120 1349 3214 petitis
1368 3121 1472 3190 etiam

284 3247 421 3319 induciis
442 3254 475 3318 et
493 3249 635 3342 receptis
656 3249 695 3319 ab
717 3250 780 3332 eis,
806 3248 988 3319 licentiatus
1008 3247 1184 3331 abscessit,
1211 3269 1247 3316 se
1267 3252 1395 3317 statuto
1416 3247 1472 3316 die

286 3373 326 3444 ad
346 3397 404 3444 eos
422 3375 531 3446 redire
549 3375 753 3469 promittens.

375 3503 519 3598 Cumque
533 3503 738 3596 postmodum
753 3510 889 3596 ubsque
907 3504 1046 3598 partium
1065 3504 1097 3574 in
1117 3526 1230 3575 corum
1249 3503 1368 3572 fuisset
1387 3525 1473 3596 pre·

285 3632 388 3701 sentia
416 3632 610 3714 constituta,
637 3637 671 3702 ct
694 3631 957 3725 archiepiscopus
987 3623 1241 3722 restitutionis¹)
1270 3629 1473 3701 beneficium

288 3758 479 3852 postularet,
499 3759 655 3854 plebanus
669 3759 766 3830 nichil
781 3760 822 3831 ad
837 3760 966 3831 obiecta
985 3761 1165 3855 respondit,
1184 3760 1242 3830 scd
1260 3760 1303 3830 ad
1320 3767 1475 3832 nostram

286 3885 480 3956 audientiam
505 3885 690 3980 appellauit.
719 3887 762 3958 Et
784 3887 862 3958 licet
881 3911 960 3983 sepe
978 3913 1039 3982 per
1058 3889 1147 3983 ipsos
1166 3889 1287 3958 luisset
1308 3889 1475 3957 ammoni·

285 4019 357 4096 tus,
386 4017 422 4081 ut
441 4012 500 4081 iuri
520 4019 670 4107 pareret,
698 4014 771 4107 quia
790 4015 858 4084 eius
879 4015 1054 4109 appellatio
1075 4037 1138 4085 non
1158 4013 1309 4097 tenebat,
1334 4037 1411 4085 oum
1438 4016 1476 4084 in

285 4139 402 4210 litteris
422 4140 543 4210 nostris
563 4141 787 4234 appellationis
808 4148 895 4212 essct
915 4141 1118 4214 obstaculum
1143 4141 1289 4236 partibus
1309 4141 1476 4213 interclu-

286 4289 374 4349 sum,
402 4265 480 4336 licet
505 4289 565 4359 per
588 4267 732 4360 ipsorum
758 4269 887 4338 nuntios
914 4269 953 4340 ad
979 4269 1125 4340 iuditium
1152 4269 1250 4340 luerit
1277 4276 1477 4355 reuocatus,

297 4435 609 4444 μ--η--ω--ι--μ-κ

253 4611 256 4617 ¹
313 4527 341 4602 ¹)
360 4529 536 4584 restitutis
555 4531 659 4585 omnis
678 4531 754 4586 Corn,
