3130 5078
289 333 366 406 534
527 345 695 401 lunossnrn
709 337 743 400 m
756 359 893 399 sensenna
908 361 945 398 an
958 345 1050 400 Raru-
1063 345 1234 400 Dnnnuucu.

371 519 403 582 ln
417 520 551 582 eumdem
568 519 633 582 fere
646 519 777 582 modum:
802 514 899 587 nobili
913 515 981 583 viro
1002 515 1203 598 Henrieo‚
1224 514 1325 585 Duei
1345 513 1470 584 Vene-

289 649 438 723 torum,
467 667 576 731 usquc:
606 665 784 724 monemus,
805 665 864 735 per
883 641 1063 735 apostoliea
1081 642 1139 712 tibi
1158 644 1280 736 scripta
1299 644 1332 710 in
1350 643 1467 710 virtute

290 769 349 839 Dei
365 770 544 840 districtius
560 770 754 851 inhibentes,
775 775 935 862 quatenus
954 769 996 838 ad
1016 769 1205 842 divisionem
1225 770 1470 862 possessionum

291 895 509 966 Ecclesiarum
528 897 710 990 procedere
729 919 793 966 non
812 903 1004 990 attemptes,
1030 919 1092 966 uec
1111 897 1298 990 permittas,
1320 902 1473 988 quantum

291 1025 322 1092 in
340 1031 375 1092 te
393 1023 503 1105 luerit,
523 1023 556 1092 id
575 1024 614 1096 ab
634 1023 705 1092 eliis
724 1024 919 1116 attemptari.
950 1023 1111 1114 Alioquin,
1133 1024 1205 1116 quia
1225 1022 1290 1094 hoc
1309 1046 1375 1093 non
1394 1045 1474 1117 pos-

293 1172 402 1220 sumus
429 1172 489 1220 nec
511 1149 666 1220 debemus
686 1151 717 1219 in
737 1149 890 1243 patientia
905 1149 1059 1232 tolerare,
1080 1145 1242 1243 episeopis
1258 1155 1291 1219 et
1306 1150 1477 1220 abbatibus

294 1277 324 1345 in
339 1276 485 1345 exercitu
500 1275 683 1346 Christiano
703 1275 789 1368 apud
805 1275 1120 1368 Constantinopolim
1139 1275 1363 1356 existentibus,
1382 1274 1478 1344 dedi-

294 1427 364 1474 mus
382 1403 517 1472 firmiter
536 1403 568 1472 in
587 1402 756 1482 mandatis,
776 1410 811 1472 ut
828 1409 896 1472 tam
915 1409 959 1482 te,
981 1425 1076 1495 quam
1095 1401 1188 1484 alios,
1209 1404 1262 1495 qui
1282 1403 1323 1472 ad
1344 1402 1478 1472 diuisio-

295 1553 368 1600 nem
394 1528 688 1600 eeclesiastieurum
712 1529 955 1622 possessionum
981 1529 1193 1608 intenderint,
1226 1528 1267 1598 ab
1293 1528 1480 1620 hujusmodi

294 1655 558 1751 praesumptione
590 1677 720 1724 cessare
753 1677 1011 1748 percensuram
1040 1654 1315 1736 ecclesiasticam,
1350 1655 1481 1725 sublato

297 1781 470 1874 cujuslibet
489 1779 755 1851 contradictionis
775 1787 809 1850 et
827 1780 1050 1872 appellationis
1069 1779 1307 1872 impedimento,
1332 1781 1484 1874 compel-

296 1909 380 1990 lant,
411 1913 445 1978 et
473 1909 498 1976 si
528 1907 626 1976 luerit
652 1912 892 1999 attemptatum,
921 1906 998 1976 illud
1023 1907 1145 1977 iaciant
1162 1931 1224 2000 per
1242 1906 1483 1978 districtionem

298 2033 443 2105 eamdem
461 2033 493 2102 in
512 2038 631 2102 statum
649 2033 818 2125 pristinum
837 2032 996 2102 revocari.

387 2161 505 2231 Datum
524 2161 642 2241 Rome,
671 2157 757 2252 apud
776 2167 925 2229 sanctum
944 2159 1093 2242 Petrum,
1117 2159 1158 2228 Vl
1179 2159 1252 2230 ldus
1272 2161 1454 2230 Februarii.

391 2325 541 2406 Scriptum
559 2330 620 2387 cst:
647 2319 866 2414 Episcopis
886 2327 927 2392 et
945 2321 1161 2392 abbatibus
1182 2321 1282 2414 ipsis
1302 2345 1395 2408 snper
1411 2325 1482 2390 boe.

346 2539 349 2545 .
388 2485 563 2552 lneundem
579 2487 712 2550 modurn:
739 2485 951 2555 nobilibus
981 2486 1079 2554 viris
1107 2485 1346 2566 bonifacio,
1378 2509 1481 2556 mar·

301 2613 433 2684 ebioni
486 2611 852 2694 Montis-Ferrati,
904 2618 943 2682 et
992 2612 1198 2682 universis
1254 2585 1484 2683 comitibus

303 2739 506 2810 exercitus
536 2737 773 2806 Christiani.

813 2915 978 2988 uxxxlv.

304 3061 415 3124 littere
440 3059 604 3123 luneecntll
632 3057 729 3140 lopo,
760 3059 851 3120 nlsse
878 3058 1022 3138 beynerle
1049 3059 1201 3137 bendulo,
1232 3061 1324 3124 rlecn
1349 3062 1486 3142 lugenti

304 3171 412 3236 denlnl
429 3169 552 3248 bennoi,
580 3169 673 3251 patrls
698 3169 772 3249 ejus,
793 3169 881 3231 lincis
898 3167 1035 3245 lescen,
1063 3185 1118 3249 pro
1142 3169 1365 3234 mahumeticae
1379 3171 1487 3235 dhone

483 3279 662 3358 bernecort,
685 3277 774 3341 eleotl
790 3277 958 3341 letrlercbe
974 3276 1305 3360 constantin-punam.

658 3419 689 3472 X.
703 3420 729 3473 d.
743 3419 822 3492 1205,
842 3419 885 3474 dle
897 3418 923 3472 8.
943 3435 978 3471 m.
992 3416 1134 3472 Februarii.

395 3547 488 3612 Liber
506 3547 599 3611 Albus
621 3545 672 3610 iol.
691 3546 733 3610 38
750 3570 794 3632 sq.
821 3547 904 3610 Libri
922 3547 1079 3610 Paetorum
1095 3547 1122 3619 l,
1142 3546 1200 3618 64;
1224 3548 1264 3618 ll,
1284 3547 1359 3612 154.
1384 3551 1484 3614 Codex

307 3661 341 3724 S.
355 3657 471 3722 Marci
487 3656 622 3740 Append.
637 3656 674 3718 cl.
688 3657 723 3728 X,
741 3655 806 3722 eod.
819 3657 843 3718 X
856 3654 948 3742 (cvl,
963 3655 1011 3738 4).
1029 3655 1072 3718 Ex
1085 3654 1187 3720 Gestis
1199 3655 1298 3720 lnnoe.
1313 3657 1380 3723 loco
1394 3681 1484 3743 supra

307 3768 343 3831 ad
358 3789 402 3829 nr.
413 3765 513 3829 CXXX
529 3765 548 3828 l.
564 3765 706 3829 lectiones
723 3765 868 3828 baluzii
885 3766 1032 3827 variantes
1050 3763 1098 3828 hie
1111 3763 1292 3828 exhibendas
1306 3770 1488 3833 censuimus.

398 3876 569 3938 Andreas
589 3873 789 3938 Dendulus
808 3877 837 3937 in
854 3873 996 3937 chronico
1014 3873 1033 3935 l.
1048 3895 1075 3936 e.
1089 3895 1118 3956 p.
1133 3873 1212 3937 332:
1241 3875 1375 3941 Thomas
1390 3878 1490 3965 ipitius

308 3987 512 4054 Mouroccno.
537 3983 576 4047 ab
599 3983 779 4047 Innocentio
803 3979 994 4046 Petrianrbo
1015 3983 1158 4068 effectus,
1184 4003 1252 4046 cum
1273 3985 1376 4049 literis
1392 3987 1491 4074 Pcpc

313 4095 451 4160 szctios
471 4093 610 4168 accedit,
634 4099 664 4156 ct
688 4113 756 4156 enm
777 4099 894 4176 parato
917 4091 995 4154 stolo
1014 4099 1140 4176 portum
1165 4091 1249 4160 ent.
1274 4101 1304 4156 et
1320 4095 1491 4181 Rnfflrsinoe

309 4204 389 4278 urbi,
408 4223 476 4289 quoe
493 4203 673 4266 Groeeorum
689 4200 840 4265 inatinoht
848 4201 920 4284 jam
935 4199 991 4263 din
1013 4201 1128 4264 Venetis
1142 4200 1360 4273 rebellaverat,
1378 4203 1490 4270 dellens

309 4311 434 4387 iamdiu
456 4311 565 4397 illique
580 4312 620 4375 de
637 4311 815 4376 Groeeornm
830 4307 929 4394 diffisi
945 4311 1059 4391 fucore
1074 4309 1231 4373 civitatem
1251 4309 1369 4374 Venetis
1384 4315 1493 4379 reddi-

309 4423 429 4485 derunt.
454 4419 644 4484 Putrinreha
661 4427 774 4504 postea
789 4419 936 4482 secedens
954 4417 1148 4482 Durrachium
1163 4418 1382 4505 capuensem
1405 4427 1491 4510 oepit

311 4539 340 4596 el
355 4530 511 4599 remuniit,
527 4535 557 4594 et
574 4527 872 4614 Gonutontinopolim
887 4525 961 4592 inde
972 4525 1126 4612 pervenit.
