3110 5080
253 355 332 428 414
485 363 624 422 Errsrona
638 365 787 422 liourraou
801 365 992 422 Mourrsmn
1007 363 1210 420 unlusocllb

341 535 527 608 Attendens
546 537 659 630 igitur,
679 538 776 610 immo
795 543 914 608 tenens
933 559 995 632 pro
1016 542 1124 621 oeno,
1143 533 1231 630 quod
1249 558 1293 608 eo
1311 534 1388 608 loco
1406 541 1442 608 ot

252 671 402 756 tempore
421 661 538 734 literae
557 669 688 735 restrae
706 663 891 736 nullatenus
908 672 1047 760 possent
1065 664 1208 750 ostendi,
1236 664 1313 759 quin
1333 663 1441 734 statim

252 793 369 861 noster
396 787 630 862 dissolveretur
657 791 823 862 exercitus
849 795 883 863 et
905 790 1036 862 stolium
1061 797 1282 885 rumperetur,
1307 790 1442 861 remini·

251 939 415 1010 scenaque
441 916 483 988 dc
509 916 647 988 consilio
676 923 787 990 vestro
816 917 916 988 mults
945 915 1177 988 dissimulanda
1202 916 1278 989 fore
1302 916 1379 989 looo
1408 925 1445 989 et

251 1049 421 1136 tempore,
454 1040 482 1112 si
509 1039 625 1112 Veneti
653 1041 696 1112 nd
722 1043 969 1116 dissolutionem
993 1043 1081 1116 stolii
1106 1044 1313 1140 aspirarent,
1346 1043 1443 1114 divini
1472 1029 1477 1046 “

251 1169 373 1242 amoris
395 1169 530 1253 intuitu,
554 1191 686 1241 necnon
710 1177 746 1242 et
769 1193 831 1264 pro
849 1171 946 1245 Sedis
964 1171 1166 1267 apostolieae
1191 1172 1398 1255 reuerentia,
1423 1195 1442 1244 u

251 1319 314 1392 qua
327 1295 459 1368 stolium
474 1303 508 1368 et
527 1297 673 1367 nuntium
691 1295 804 1368 babuit
820 1305 855 1369 et
866 1304 985 1392 postea
998 1299 1250 1382 firmamentum,
1270 1298 1441 1370 consilium

251 1423 358 1494 habui¹
372 1422 485 1494 literas
513 1422 584 1493 illas
610 1423 651 1494 sd
676 1429 805 1518 tempus
829 1424 1094 1519 supprimendas,
1123 1424 1232 1496 donec
1247 1425 1442 1497 mundato·

251 1559 393 1623 restrum
412 1557 511 1644 atque
530 1550 701 1623 consilium
719 1554 837 1624 iterata
854 1553 1060 1646 perciperem
1074 1553 1238 1645 jussione,
1256 1575 1383 1647 susque
1401 1552 1443 1624 de

130 1737 133 1744 .
250 1701 345 1750 manu
365 1678 467 1749 nuntii
486 1677 584 1750 rostri
604 1701 677 1750 curn
697 1680 784 1750 omni
803 1679 1001 1762 homnium,
1025 1679 1116 1750 lieris
1135 1677 1292 1772 genibus,
1320 1701 1442 1774 mugno

250 1805 511 1900 compunctionis
537 1812 572 1877 et
595 1806 778 1879 devotionis
805 1808 918 1902 spiritu
939 1808 1088 1901 suscepi,
1110 1807 1247 1899 riroopre
1266 1805 1441 1902 religioso,

253 1985 292 2004 ..
315 1931 465 2004 ,Abbati
489 1931 671 2016 baudensi,
696 1933 738 2004 sd
762 1941 893 2029 tempus
911 1933 1031 2005 trudidi
1050 1933 1315 2018 conservandas,
1341 1957 1444 2029 super

249 2059 315 2132 boe
334 2060 443 2154 potius
463 2059 671 2132 obedientiae
689 2059 794 2132 filiatio
814 2067 989 2155 expectans
1008 2060 1171 2145 meritum,
1190 2082 1286 2153 quum
1300 2067 1441 2154 aposto·

249 2188 321 2258 lice
339 2187 572 2282 indignationis
597 2187 757 2260 otlenssm
784 2189 916 2281 expias
941 2186 1132 2260 intentionis
1151 2193 1228 2258 ectu
1246 2185 1442 2260 necessario

250 2315 440 2386 incurrisse.

340 2439 483 2513 intellexi
503 2441 601 2512 etiam
620 2465 638 2510 a
656 2439 750 2512 Duce
770 2447 805 2512 et
818 2465 837 2512 a
852 2439 1044 2536 quibusdam
1064 2437 1210 2524 Venetis,
1229 2438 1443 2511 familiaribus

251 2568 345 2650 meis,
365 2566 452 2660 quod
471 2590 571 2661 super
590 2566 677 2638 iacto
696 2567 836 2639 iaderae
855 2568 1001 2639 nuntium
1019 2569 1188 2662 proprium
1206 2566 1239 2637 in
1258 2567 1444 2638 continenti

252 2701 384 2766 vestroe
403 2693 664 2765 transmitterent
681 2695 859 2779 sanctitati,
879 2695 932 2789 qni
951 2699 1060 2766 utrum
1079 2691 1239 2766 hactenus
1257 2693 1300 2764 ad
1319 2693 1443 2765 Sedcm

252 2821 466 2916 apostolicam
485 2819 684 2915 pervenerit,
703 2821 912 2914 ignoramus3
933 2845 996 2918 qua
1014 2845 1073 2916 spe
1093 2843 1273 2916 suspensus
1292 2819 1443 2892 nuntium

251 2947 411 3022 hactenus
430 2947 537 3019 distuli
554 2935 848 3020 transmittendum.

340 3075 424 3148 Hine
444 3081 512 3158 est,
539 3073 628 3170 quod
653 3075 841 3169 paternitati
859 3078 988 3148 vestrae
1007 3098 1079 3147 cum
1098 3071 1185 3144 omni
1203 3071 1389 3146 deuotionis
1407 3080 1444 3145 et

251 3201 440 3276 humilitatis
459 3202 581 3274 affectu
598 3200 768 3297 supplico,
792 3209 830 3274 ut
848 3209 1029 3273 vestrarum
1048 3199 1238 3295 suppressio
1257 3199 1441 3284 literarum,

250 3353 334 3428 quae
353 3327 483 3425 quidem
501 3326 688 3400 humilitatis
706 3351 799 3400 mene
818 3329 997 3401 ministerio
1016 3329 1104 3400 lecta
1123 3333 1174 3398 est
1202 3332 1237 3398 et
1258 3325 1441 3400 diseretio-

251 3455 301 3528 nis
320 3480 360 3528 ac
378 3455 511 3551 pietatis
530 3462 658 3527 vestroe
678 3455 887 3540 confidentia,
913 3457 1003 3551 pacis
1022 3462 1153 3527 vestrae
1170 3451 1441 3548 tranquillitatem

249 3584 281 3656 in
308 3583 417 3679 aliquo
443 3605 509 3654 non
534 3587 663 3654 monent
686 3581 736 3653 vel
761 3583 955 3669 conturbet,
980 3582 1191 3679 praesertim,
1221 3603 1295 3651 cum
1319 3605 1386 3677 ego
1404 3587 1442 3653 et

249 3711 398 3783 Barones
432 3709 597 3782 exercitus
628 3709 814 3781 mandatum
847 3715 990 3781 vestrum
1027 3708 1131 3804 parati
1168 3708 1268 3779 simus
1309 3707 1439 3802 exequi,

250 3835 403 3934 quicquid
421 3839 539 3908 iterato
558 3835 651 3908 nobis
671 3835 872 3931 injunxeritis
893 3837 1056 3932 jussione.
1086 3833 1286 3907 confidimus
1304 3833 1440 3918 etenim,

251 3966 339 4064 quod
364 3964 649 4060 circumspectioni
674 3969 804 4036 vestrae
830 3965 934 4060 magis
962 3962 1166 4057 complaceat
1185 3986 1224 4033 eu
1242 3959 1440 4033 sustinentia

251 4091 379 4166 modion
406 4091 537 4163 stolium
565 4089 711 4163 similiter
738 4097 847 4175 stare,
877 4115 972 4186 qnam
997 4115 1037 4162 ex
1061 4091 1228 4162 literarum
1252 4095 1438 4161 aestrorum

250 4221 440 4294 ostensione
459 4218 567 4291 subita
588 4217 767 4315 deperisse.
793 4219 945 4292 Ceterum
960 4217 1197 4312 simplicitatem
1216 4216 1317 4310 bujus
1335 4217 1440 4289 nuntii

250 4349 298 4422 sic
317 4369 450 4432 excuso,
469 4345 558 4444 quod
577 4371 616 4420 en
633 4352 831 4442 tempestate
852 4355 886 4420 et
907 4351 998 4418 tanta
1017 4344 1206 4418 difficrdtatc
1224 4349 1352 4418 meatus
1371 4368 1442 4419 non

247 4476 346 4549 bubni
364 4477 611 4572 promptiorem.
