3110 5076
290 386 367 459 264
527 395 714 450 Permessius
728 393 829 449 Annam
843 393 878 450 lll
891 393 951 449 lue.
964 395 1033 450 Vera.
1047 407 1222 450 concessura.

287 568 399 640 Verias
412 561 441 662 ¹)
493 591 567 640 cum
622 567 824 661 catepauilrio
875 561 1021 661 vetnit).
1081 567 1253 638 Prouincias
1298 558 1464 660 Voleri'),

286 689 513 790 Strimonos⁴)
546 703 579 768 ct
606 691 897 790 Thessalonicis⁵).
941 695 1113 768 Prouincia
1140 687 1365 790 Nicopolon⁶)
1393 717 1465 767 curn
1547 664 1553 749 i

285 824 509 920 epislrepsibus
535 825 567 895 in
594 849 633 896 ea
656 825 865 896 existentibus
896 825 1137 921 personalibus,
1174 823 1408 896 ecclesiasticis
1433 829 1466 895 et
1548 822 1553 909 ξ

285 952 578 1037 monasterialibus,
603 961 726 1025 etcum
745 955 823 1048 ipsis
843 953 1066 1048 epislrepsibus
1086 952 1328 1023 subiacentibus
1347 953 1466 1023 intimis

286 1081 535 1176 consanguineis
561 1081 689 1176 lmperij
715 1076 828 1174 mei⁷),
854 1105 983 1176 semper
1007 1081 1200 1152 felicissimis
1218 1086 1465 1152 seuastucrato·
1549 1064 1553 1129 ἶ

284 1211 375 1282 ribus
394 1209 568 1282 Cesaribus
588 1215 620 1279 et
640 1209 766 1280 dilectis
786 1210 914 1304 lmperij
935 1209 997 1280 mei
1022 1208 1165 1292 filiabus,
1192 1231 1231 1280 ac
1251 1207 1464 1280 desideratis·

283 1339 362 1409 sime
387 1339 448 1432 ipsi
475 1359 545 1407 mee
571 1337 730 1430 Auguste.
760 1335 866 1408 lnsula
889 1330 1091 1432 Corypby⁸).
1126 1333 1307 1430 Kephalini.
1343 1335 1464 1407 Zalrin-
1552 1427 1553 1430 Ἴ

285 1460 390 1558 tos⁹).
432 1464 572 1536 Leukas.
614 1457 780 1558 ltbali¹⁰).
815 1457 969 1557 0ri0n¹¹)
1012 1465 1134 1536 Patron
1167 1469 1200 1535 et
1230 1457 1459 1556 Mathonis¹²).

309 1804 335 1880 1)
359 1805 456 1860 Verius
467 1805 535 1866 bb.;
556 1801 672 1857 [terrim
685 1803 732 1856 LP.
753 1801 940 1866 berroeam,
959 1802 1154 1856 celeberrimam
1167 1803 1326 1857 ldaeedoniae
1340 1803 1465 1858 occiden-

353 1897 414 1950 talis
428 1896 567 1957 civitatem,
583 1894 767 1948 illustravimus
781 1893 806 1946 in
819 1894 1009 1948 Thessalonica
1023 1910 1083 1967 pag.
1097 1894 1140 1948 bb.
1152 1893 1213 1948 aba.
1228 1895 1290 1948 312.

308 1986 337 2060 ²)
360 1985 436 2050 Cetri
447 1989 523 2050 ldss.;
543 1985 656 2040 debebat
669 1984 749 2040 Gitrr'.
769 1985 815 2038 Est
834 1983 951 2040 Citrus
972 1984 1076 2058 (Pydna
1090 1983 1220 2057 cetarum)
1234 1989 1264 2039 ut
1277 1985 1395 2042 berroea
1408 1987 1463 2041 lla-

357 2077 473 2133 cedoniae
487 2077 657 2130 occidentalis
670 2077 740 2138 urbs,
754 2075 787 2129 de
800 2093 851 2146 qua
865 2095 886 2130 r.
900 2077 954 2131 Nos
968 2077 984 2130 l.
999 2095 1022 2131 e.
1034 2095 1061 2149 p.
1075 2078 1110 2132 57
1119 2093 1168 2147 sq,
1181 2095 1207 2148 p.
1218 2077 1261 2131 36.
1276 2109 1309 2118 -
1323 2077 1466 2150 Catapa-

355 2169 476 2224 nicinm
495 2169 562 2222 idem
581 2185 641 2221 esse
658 2167 761 2222 ridetur
780 2167 851 2237 quod
871 2169 1103 2239 capitanatae,
1128 2168 1210 2222 minus
1229 2167 1335 2240 aliquod
1355 2169 1464 2224 territo·

354 2262 435 2324 rium;
448 2259 519 2331 quod
534 2277 626 2313 nomen
639 2258 664 2311 in
677 2258 735 2313 aliia
747 2275 853 2330 quoque
866 2258 1050 2331 diplomatibus
1063 2260 1138 2330 hujus
1152 2259 1322 2314 collectionis
1338 2261 1465 2331 legemus.

305 2352 333 2426 ⁸)
353 2353 491 2407 bolerus
505 2353 545 2406 est
558 2351 631 2420 regio
645 2351 708 2404 satie
723 2350 834 2405 secunda
848 2347 923 2420 juxta
937 2349 1051 2404 Hebrum
1066 2349 1230 2423 (ldaritzam)
1244 2350 1406 2414 interiorem,
1420 2351 1464 2404 ubi
1553 2385 1554 2430 3

352 2445 378 2499 in
391 2461 460 2497 mare
473 2442 598 2512 llegaeum
611 2441 759 2495 effunditur.
778 2439 843 2494 Num
856 2441 931 2496 buius
943 2441 1051 2496 nominis
1061 2443 1123 2497 urbs
1132 2441 1258 2506 extiterit,
1271 2441 1466 2497 addubitamus·
1553 2439 1554 2520 l

354 2536 482 2594 Botorum,
497 2534 595 2587 crebrae
608 2531 677 2606 apud
691 2533 836 2602 scriptores
848 2533 1005 2604 Byzantinos
1018 2534 1147 2588 memoriae
1160 2533 1303 2605 regionem,
1317 2533 1466 2588 illustrari·

353 2645 409 2681 mus
421 2626 446 2679 in
459 2625 504 2679 llia
518 2625 635 2695 Egnatia,
649 2623 788 2677 Commeat
801 2623 831 2685 ll,
844 2641 871 2695 p.
886 2625 1000 2679 32-34.

304 2717 334 2790 ⁴)
354 2717 526 2789 Strymon,
546 2714 675 2768 adumine
689 2713 851 2784 cognomine,
872 2731 979 2785 magnus
992 2715 1036 2771 ille
1049 2719 1150 2771 tractus
1165 2715 1310 2778 dicebatur,
1329 2716 1376 2788 qui
1394 2715 1466 2771 inter
1551 2701 1554 2814 ἰ

351 2810 463 2862 Hebrum
477 2811 504 2860 et
518 2805 682 2878 Strymonem
696 2805 798 2860 flumina
811 2806 886 2859 situm
899 2806 987 2860 babet.

303 2897 332 2972 ⁶)
351 2898 591 2954 Thessalonica
600 2939 607 2961 ,
617 2899 648 2951 ab
659 2897 1069 2967 urbeblacedonumeognomine,
1079 2901 1150 2952 terra
1160 2898 1296 2952 dicebatur
1305 2897 1464 2970 interStry-
1545 2817 1554 2996 i

351 3007 451 3044 monem
465 2992 492 3043 et
509 2989 620 3042 Peneum
639 2989 728 3042 fluvios
747 2988 806 3042 sita.
826 2989 863 3042 [te
877 2989 1027 3062 Strymonia
1041 2993 1069 3044 et
1080 2989 1307 3044 Thessaloniceusi
1327 2989 1465 3062 provincia
1551 3021 1553 3028 ι

350 3100 373 3137 v.
387 3081 582 3136 Constantinum
596 3081 758 3153 Porphyrog.
779 3083 874 3135 nostrae
888 3080 1019 3143 editionis,
1038 3081 1161 3151 Prolegg.
1178 3099 1204 3153 p.
1222 3081 1333 3136 xxxln.
1348 3083 1463 3137 XXXlV.

349 3173 425 3227 Adde
437 3171 646 3226 Thessalonicam
660 3189 685 3242 p.
699 3172 735 3225 lt)
748 3187 787 3242 sq.
1550 3205 1552 3256 Ι

301 3262 330 3337 ⁸)
350 3263 625 3334 Nicopolitanam
644 3261 801 3333 provinciam
820 3261 904 3317 medio
923 3281 976 3317 aevo
996 3263 1099 3319 Aetolia
1119 3281 1176 3319 cum
1194 3263 1339 3320 Acarnania
1357 3266 1462 3320 consti·
1550 3257 1552 3332 'j

347 3356 446 3417 turbat,
467 3354 527 3407 coll.
548 3353 716 3408 Constantino
733 3353 895 3426 Porphyrog.
914 3357 1010 3409 nostrae
1030 3355 1159 3418 editionis,
1177 3357 1298 3427 Prolegg.
1316 3375 1343 3428 p.
1357 3357 1461 3415 XXXV.
1550 3337 1552 3424 l

347 3446 410 3520 Ejus
430 3449 510 3517 caput
531 3445 596 3499 Arta
613 3444 675 3505 fuit,
690 3443 851 3499 coleiceta
862 3445 1047 3512 inblanucle2,
1059 3447 1087 3500 l:
1108 3445 1462 3521 ἈκαρνᾶνάςτικαὶΑἰτω-
1550 3425 1552 3486 l

345 3536 693 3606 bod;,ro'u;sdalryope'aou;
703 3534 837 3608 Ἀρτινούς
845 3535 876 3607 (l.
888 3535 1056 3610 Ἀρτηνούς).
1066 3537 1201 3610 Nicopolis
1209 3539 1301 3593 ciritae
1309 3539 1396 3593 medio
1404 3557 1461 3594 aero
1549 3505 1551 3630 l

346 3628 495 3698 κωμόπολις
508 3627 678 3699 (rusticorum
691 3625 769 3698 urbs)
783 3626 843 3691 fuit,
857 3627 935 3682 bodie
947 3629 1104 3694 Prereea,
1124 3630 1157 3683 ad
1169 3629 1253 3684 sinum
1266 3629 1461 3685 Ambracieum.

299 3717 329 3790 ¹¹)
348 3719 480 3772 Familiam
493 3719 578 3773 blaxii
592 3719 638 3782 lll,
659 3719 704 3788 qui
718 3717 767 3772 fuit
783 3718 875 3772 lsaucii
889 3719 1086 3792 eximperatoris
1100 3722 1189 3788 irater,
1210 3721 1331 3795 exposuit
1346 3721 1461 3778 DuCan·

346 3809 403 3879 gius
417 3810 442 3863 in
455 3810 559 3864 familiis
572 3809 720 3883 Byzantinis
734 3828 756 3863 s.
770 3827 793 3862 v.
806 3809 938 3879 begali.
1548 3853 1550 3894 y

298 3895 326 3972 ⁸)
348 3898 485 3973 Corypbia
503 3902 565 3955 bles.
584 3901 705 3954 Debebat
726 3904 799 3954 certe
815 3899 943 3971 Corypbo
955 3899 1110 3976 (Kopupo'r),
1130 3907 1160 3957 ut
1172 3901 1289 3976 Corcyra
1302 3903 1388 3957 medin
1402 3921 1460 3959 aerc
1548 3901 1550 3978 ξ

345 3989 495 4054 dicebatur,
517 3991 585 4046 unde
607 3995 723 4045 nostrum
745 3991 837 4054 cortu,
860 4010 1012 4064 neo-graece
1033 3994 1154 4066 Koppobr
1170 4012 1191 4048 s.
1211 3992 1307 4055 σ’τοὺς
1325 3995 1460 4068 Κορφούς.
1548 3985 1550 4134 ἱ

345 4080 515 4135 Nihilominus
529 4082 582 4135 anti
603 4082 660 4135 nior
673 4082 754 4136 torma
773 4083 809 4136 lle'
827 4102 857 4136 κυ
940 4125 946 4146 ,
1226 4086 1258 4150 ';

345 4171 493 4242 corruptela
506 4100 631 4244 lltpauba,
645 4175 686 4238 τά,
701 4173 769 4245 apud
783 4102 900 4228 LtionsPrb'
909 4083 1351 4248 Siplllibbrilblubllaiirillbmelbiti
1363 4091 1460 4233 llbmlii:

346 4261 387 4316 adi
399 4261 611 4316 Thessalonicam
624 4267 738 4316 nostram
750 4278 813 4334 pag.
826 4265 886 4319 479.

298 4349 326 4424 ο)
346 4353 505 4421 Zakynthos
517 4352 616 4406 rectius
629 4351 679 4405 LP.

284 4440 326 4516 ²⁰)
345 4443 455 4497 Easdem
480 4443 576 4497 insulas
603 4443 694 4496 eodem
721 4443 778 4500 lere
801 4445 893 4501 ordine
915 4452 1050 4503 enumeret
1073 4449 1144 4504 alnm
1168 4447 1298 4507 Comnena
1321 4453 1387 4508 libro
1412 4455 1458 4520 xl,

345 4549 406 4604 pag.
419 4536 481 4598 335,
495 4535 537 4588 ed.
551 4533 646 4587 Paris:
666 4533 712 4594 nn
723 4539 852 4607 προνομὴν
865 4543 911 4601 τῆς
925 4539 1052 4613 Κορυφῶς
1072 4541 1105 4611 (l.
1120 4541 1282 4618 Κορυφηῡς),
1301 4549 1347 4606 τῆς
1365 4545 1458 4618 11272.

344 4624 446 4690 ληνίας,
469 4631 515 4688 τῆς
535 4623 668 4687 Λευκάδος
688 4625 731 4681 καὶ
752 4632 798 4689 τῆς
820 4615 979 4684 Ζακύνθου(
992 4663 1019 4672 -
1047 4631 1142 4687 ltbuee
1163 4649 1255 4688 nomen
1277 4633 1347 4708 apud
1370 4637 1459 4695 solum
