3110 5080
312 341 388 414 442
635 354 728 408 luuoc.
742 353 776 408 lli
789 369 879 408 rrrsr.
893 370 930 408 no
943 355 1042 409 bucca
1056 351 1162 408 Venor.

398 522 679 594 Praedeeessorum
705 531 891 596 nostrorum
910 523 1056 617 vestigiis
1078 523 1303 608 inhaerentes,
1330 525 1383 618 qui
1404 525 1480 595 civi·

310 655 410 721 tatem
435 647 641 720 venetiarum
667 651 699 720 in
726 651 872 744 pluribus
898 651 1118 732 honorarunt,
1155 651 1196 722 ad
1223 651 1383 722 honorem
1411 651 1479 743 ejus

310 773 503 846 intendimus
523 783 556 847 et
573 777 775 872 prolectam,
801 799 862 848 nec
882 777 1029 848 difficiles
1047 801 1108 849 nos
1127 777 1328 848 exhibuimus
1346 778 1379 848 iu
1398 777 1481 870 peti·

310 903 453 974 tionibus
471 903 565 974 uobis
583 927 644 998 pro
662 905 732 999 ipsa
751 905 924 998 porrectis,
944 903 1003 974 sed
1023 927 1090 990 eas,
1110 911 1263 999 quantum
1278 927 1353 975 cum
1366 904 1438 974 lleo
1452 910 1483 973 et

310 1021 482 1101 honestate
501 1032 674 1124 potuimus,
695 1033 874 1102 curavimus
893 1053 1097 1124 promovere,
1117 1033 1203 1103 sicut
1217 1039 1251 1102 et
1264 1033 1324 1125 ipsi
1340 1031 1483 1102 novimus

312 1163 347 1226 et
362 1161 398 1226 te
416 1156 577 1227 credimus
597 1157 789 1228 meminisse.
820 1157 953 1242 Verum,
979 1165 1101 1252 quanto
1120 1159 1224 1254 magis
1243 1157 1284 1229 ad
1304 1159 1378 1250 ejus
1397 1158 1483 1250 aspi·

311 1283 448 1354 ravimus
461 1283 665 1354 commodum
681 1292 714 1355 et
727 1291 947 1378 augmentum,
965 1291 1058 1356 tanto
1072 1285 1323 1358 desideravimus
1338 1283 1483 1377 amplius,

311 1432 351 1480 nc
366 1407 449 1479 illius
468 1409 499 1478 iu
518 1433 555 1479 aa
569 1418 767 1503 provocaret
781 1411 950 1495 offensam,
970 1412 1023 1505 qui
1043 1411 1162 1483 exaltat
1179 1411 1315 1483 humiles
1330 1418 1368 1482 et
1380 1411 1483 1482 bumi-

310 1535 366 1607 liat
384 1535 553 1607 exaltatos.

399 1661 543 1734 Noverat
567 1668 674 1734 autem
698 1667 752 1734 toa
780 1663 945 1745 nobilitas,
970 1671 1104 1736 noverat
1123 1670 1157 1736 et
1180 1662 1320 1758 populus
1339 1662 1483 1734 Veneto·

312 1811 400 1868 rum,
426 1787 562 1882 qualiter
580 1787 785 1860 charissimus
804 1789 835 1860 in
855 1790 986 1862 Christo
1004 1789 1086 1862 filius
1105 1797 1237 1875 noster,
1262 1788 1481 1881 H[enra'caa],

311 1939 369 1987 rex
385 1915 591 2009 Ungarorum
617 1915 764 2000 illustris,
794 1921 827 1987 et
851 1915 966 1986 nobilis
985 1917 1033 1988 vir
1051 1915 1246 2009 Mariccus]
1272 1915 1355 1996 dux,
1382 1916 1484 1986 irater

311 2015 686 2136 ipsius,·'assumpserant
704 2043 830 2136 signum
849 2043 976 2126 Crucis,
1002 2050 1037 2114 ct
1060 2044 1091 2112 in
1110 2045 1234 2114 Terrae
1252 2025 1389 2114 sanetae
1407 2041 1483 2113 aub-

312 2167 426 2239 sidium
443 2175 683 2262 proposuerant
696 2169 925 2250 consuetam
944 2191 1080 2264 quorum
1094 2170 1262 2264 protectus
1276 2169 1369 2241 vobis
1382 2169 1482 2262 impe·

313 2294 475 2366 dicotibus
494 2295 652 2366 hactenus
672 2302 723 2366 est
740 2295 869 2366 dilatus.

399 2423 574 2494 Praeterea
587 2429 621 2494 te
634 2445 672 2494 ae
686 2421 828 2494 Venetos
843 2443 908 2492 non
925 2421 1057 2507 latebat,
1077 2421 1213 2516 qualiter
1230 2429 1307 2516 post
1326 2421 1481 2494 excidium

312 2551 434 2621 Terrae
453 2556 586 2622 sanctem
611 2548 789 2643 apostolica
814 2547 919 2619 Sedes
947 2549 1131 2634 universos,
1160 2549 1214 2644 qui
1242 2549 1315 2642 ejus
1342 2548 1482 2642 reliquiis

312 2675 539 2760 subvenirent,
564 2701 583 2748 a
608 2675 679 2759 die,
706 2697 768 2769 qua
794 2675 922 2768 signum
948 2674 1062 2746 Crucis
1087 2675 1290 2769 acciperent,
1314 2697 1420 2768 usque
1444 2673 1482 2744 ad

314 2803 436 2874 obitum
464 2803 514 2874 vel
537 2802 676 2876 reditum
701 2802 887 2874 eorumdem
914 2804 946 2873 in
971 2825 1028 2872 sua
1057 2803 1264 2894 protectione
1289 2801 1482 2894 susceperit,

314 2936 347 3001 et
364 2935 431 3001 tam
448 2930 581 3001 familias
600 2951 730 3012 eorum,
760 2951 853 3022 quarn
873 2929 956 3000 bona
975 2927 1035 2998 sub
1053 2927 1274 3000 ecclesiastica
1295 2929 1482 3000 defensione

313 3058 516 3151 praeceperit
535 3079 666 3126 manere
685 3079 811 3127 secura.

403 3183 453 3254 Ad
467 3184 611 3255 notitiam
624 3205 753 3277 quoque
765 3189 853 3253 tuam
871 3182 1017 3253 novimus
1036 3183 1233 3275 pervenisse,
1254 3181 1407 3275 qualiter,
1427 3179 1482 3251 etsi
1536 3251 1539 3256 .

314 3334 372 3382 rex
398 3311 468 3405 ipse
494 3332 534 3380 ac
561 3315 651 3380 terra
680 3309 780 3404 ipsius
809 3331 848 3380 ex
879 3331 939 3393 eo,
975 3309 1062 3404 quod
1088 3309 1225 3378 Crucem
1254 3313 1482 3402 assumpserat,

316 3437 509 3508 auctoritate
535 3438 772 3509 constitutionis
797 3459 895 3531 super
920 3437 983 3507 boc
1001 3458 1021 3507 a
1037 3433 1348 3528 praedecessoribus
1368 3433 1483 3504 nostris

317 3564 434 3648 editae,
461 3563 640 3658 apostolica
659 3565 864 3659 protectione
882 3563 1054 3658 gauderet,
1075 3561 1148 3653 quia
1166 3567 1274 3631 tamen
1293 3560 1367 3654 plus
1388 3557 1483 3630 timeri

317 3691 416 3774 solet,
443 3691 530 3784 quod
555 3691 740 3786 specialiter
758 3689 941 3783 pollicetur,
968 3711 1062 3782 quam
1081 3688 1169 3780 quod
1188 3687 1389 3782 generaliter
1407 3709 1482 3758 cou-

315 3817 454 3888 cluditur
464 3818 652 3912 sponsione,
667 3817 881 3913 protectionis
895 3821 1027 3888 nostrae
1040 3815 1150 3886 literas
1164 3814 1349 3908 specialiter
1363 3813 1484 3907 petierit

317 3951 350 4016 et
374 3945 537 4040 receperit
561 3945 602 4015 ad
626 3945 802 4027 cautelam,
828 3969 907 4038 quas
928 3943 956 4014 ei
977 3967 1037 4013 nec
1055 3942 1218 4034 potuimus
1237 3963 1298 4012 nec
1319 3941 1482 4011 debuimus

317 4071 493 4164 denegare,
508 4095 550 4143 ne
565 4071 608 4142 illi
623 4071 815 4144 subtrahere
830 4069 1023 4152 videremur,
1038 4068 1126 4160 quod
1141 4067 1285 4162 Signatis
1295 4059 1327 4162 ¹)
1342 4065 1483 4139 omnibus

318 4203 368 4269 est
386 4197 552 4269 indultum.

407 4325 575 4397 Credimus
602 4326 714 4407 etiam,
739 4332 773 4396 te
791 4325 937 4406 novisse,
967 4323 1104 4417 qualiter
1127 4321 1247 4393 nuntiis
1270 4321 1353 4405 tuis,
1380 4319 1432 4412 qui
1447 4317 1484 4388 ad
1542 4293 1543 4296 Ἴ

319 4453 436 4524 Sedcm
463 4453 674 4547 apostolicam
701 4475 772 4523 cum
793 4453 1101 4546 crucesignatorum
1128 4447 1246 4521 nuntiis
1267 4451 1483 4522 accesserunt,

345 4607 370 4680 ¹)
389 4608 409 4662 l.
423 4625 445 4661 e.
464 4625 561 4662 cruce
581 4609 665 4677 sign.
686 4609 739 4664 Cir.
755 4625 815 4679 pag.
828 4609 889 4662 lta.
