3110 5080
271 355 346 426 396
728 363 846 418 Psoron
860 362 988 416 Moenus.

357 537 493 629 Insuper
518 535 614 604 etiam
622 527 652 626 ¹)
682 557 740 606 nos
770 556 883 604 omnes
910 531 1057 604 homines
1086 530 1283 624 Tergestine
1311 529 1448 600 civitatis

268 660 493 732 universaliter
510 661 738 755 promittimus,
759 662 866 731 omnia
885 661 1105 753 suprascripta
1122 657 1349 728 inviolabiliter
1367 680 1449 728 oon·

269 811 401 860 servare
411 782 455 880 ²),
475 794 509 858 et
528 787 617 881 quod
630 789 715 858 omni
730 811 814 858 anno
828 778 1097 882 perpetualiter²)
1116 809 1176 856 nos
1191 793 1225 856 et
1238 807 1450 856 successores

269 917 372 988 nostri
396 917 485 987 vobis
509 921 543 986 et
561 916 678 986 uestris
697 915 943 986 successoribus
962 913 1088 984 solvere
1107 913 1282 984 debeamus
1301 913 1353 984 vel
1371 913 1450 983 solvi

268 1045 380 1114 tacere
403 1066 502 1114 urnas
522 1043 632 1136 optimi
651 1043 714 1112 vini
738 1043 810 1136 puri
829 1042 871 1112 de
889 1047 1002 1113 nostro
1026 1043 1192 1114 territorio
1217 1041 1451 1134 quinquaginta

271 1171 390 1241 nostris
411 1162 596 1264 espcnsis⁴)
616 1169 657 1240 ad
675 1171 777 1264 ripun
795 1168 926 1241 linealis
945 1169 1056 1240 Palatii
1074 1171 1107 1239 in
1124 1169 1210 1240 testo
1229 1168 1343 1238 Sancti
1361 1168 1450 1239 blar-

269 1296 338 1367 tini.
367 1296 456 1368 Etsi
475 1301 588 1367 contra
606 1295 691 1366 banc
709 1295 879 1388 pactionis,
905 1295 1063 1366 cautionis
1082 1301 1117 1365 et
1133 1295 1358 1389 promissionis
1377 1319 1450 1366 car·

269 1424 368 1495 tulum
386 1425 434 1494 irc
459 1424 740 1518 temptaverimus,
767 1445 965 1518 componere
990 1423 1204 1518 promittimus
1227 1446 1301 1494 cum
1328 1424 1447 1494 nostris

271 1551 517 1624 successoribus
536 1551 627 1622 vohis
646 1557 680 1622 et
699 1551 816 1622 vestris
835 1550 1080 1622 successoribus
1099 1552 1168 1622 auri
1187 1544 1328 1642 obrioi⁵)
1354 1550 1451 1621 libras

272 1684 413 1748 centum.
443 1680 487 1750 Et
509 1677 571 1750 hec
594 1679 771 1773 pactionis,
797 1669 994 1770 cautionis⁶J
1020 1684 1054 1748 et
1077 1677 1300 1771 promissionis
1327 1677 1452 1750 cartula

273 1810 401 1876 mancat
418 1806 449 1874 in
469 1829 529 1876 sua
546 1806 708 1877 firmitate.

362 1933 464 2026 Hujus
489 1933 538 2003 rei
562 1937 666 2004 testes
685 1939 762 2004 sunt
780 1931 904 2004 sedicet
921 1933 1106 2004 Dominious
1125 1931 1281 2016 balbinus,
1309 1933 1452 2004 Jacobus

273 2059 435 2150 Quirinus,
454 2061 596 2132 lacobus
613 2060 762 2146 Basilius,
781 2060 909 2132 llarcus
928 2059 1072 2144 Sanudo,
1092 2060 1241 2132 Andreas
1255 2059 1454 2146 tollermen,

272 2187 452 2258 Almericus
474 2187 622 2258 Potestas
646 2188 915 2282 lustinopolitane
939 2187 1095 2270 civitatis,
1119 2185 1267 2258 Alatheus
1291 2187 1452 2260 Sarrace-

273 2308 374 2405 nus'J
403 2313 549 2408 ejusdem
577 2315 732 2399 civitatis,
761 2315 942 2386 Almericus
965 2315 1069 2385 irater
1092 2315 1197 2398 Solle,
1226 2321 1261 2384 et
1285 2313 1338 2384 alii
1358 2339 1453 2407 quam

273 2439 395 2534 plures.

362 2567 436 2662 Ego
462 2568 611 2640 Andreas
644 2569 826 2656 Diaconos,
858 2569 942 2641 sacri
975 2569 1085 2664 palatii
1118 2568 1282 2652 notarius,
1315 2575 1455 2663 rogatus

272 2693 414 2779 interfui,
434 2702 469 2766 et
487 2719 582 2766 mann
600 2717 670 2766 mea
689 2697 817 2790 scripsi,
836 2697 993 2793 complevi
1012 2703 1109 2792 atque
1127 2695 1259 2768 firmavi.

782 2939 783 2942 ,
807 2877 929 2950 XCVll.

737 3021 853 3084 lactan
875 3018 987 3100 bugin.

655 3141 686 3195 A.
700 3142 726 3196 d.
740 3143 818 3203 1202,
836 3157 927 3196 mense
939 3140 1070 3196 Octobris.

365 3247 430 3312 bib.
448 3249 512 3313 Alb.
529 3251 580 3315 tol.
598 3251 675 3317 265.
697 3252 765 3316 Lib.
782 3254 864 3316 Pact.
882 3252 918 3317 T.
935 3251 970 3326 11,
986 3253 1037 3317 fol.
1056 3249 1148 3317 230'.

365 3383 400 3452 ln
419 3384 547 3453 nomine
565 3383 692 3456 Domini
711 3385 812 3457 nostri
830 3387 908 3456 lesu
928 3385 1059 3457 Christi.

366 3507 459 3578 Anno
480 3509 598 3581 domini
616 3512 782 3584 millesimo
802 3513 1024 3584 ducentesimo
1043 3511 1199 3597 secundo,
1220 3535 1331 3582 mense
1350 3511 1454 3584 Octo·

276 3627 393 3728 bris⁸)‚
412 3635 587 3709 indictione
606 3646 706 3710 sexta.
735 3639 860 3712 Musula.

366 3761 513 3832 Exeunte
533 3763 574 3833 de
593 3763 736 3837 Venetiis
755 3766 898 3860 glorioso
924 3791 961 3838 ac
987 3765 1158 3860 magnifico
1183 3765 1313 3837 domino
1340 3771 1452 3837 nostro

277 3887 417 3960 ilenrico
436 3891 597 3977 Dandulo‚
617 3893 668 3964 dei
688 3894 794 3988 gratia
813 3887 998 3987 Venetie⁹)‚
1017 3893 1175 3965 Dalmatia
1189 3899 1287 3988 atque
1303 3891 1453 3964 Obroatie

304 4206 331 4277 ¹)
351 4210 447 4262 tilam
468 4229 517 4264 ⁰¹¹1·
531 4213 582 4266 LA·
919 4211 947 4286 1)
965 4177 1138 4285 pactionis
1157 4215 1190 4264 et
1209 4211 1384 4267 cautionis
1402 4211 1450 4266 LA.

303 4297 331 4370 ¹)
352 4301 527 4356 obseruare
547 4303 599 4356 LA.
917 4305 946 4376 ⁷)
966 4305 1153 4357 Saracenos
1172 4303 1223 4356 LA.

302 4389 331 4461 ⁸)
351 4395 477 4462 ΡθΓΡθῖ·
492 4393 607 4448 ⁰¹1¹·LA·
921 4392 949 4466 ⁸)
969 4394 1126 4448 Octobris
1146 4393 1197 4448 er.

271 4469 274 4476 ’
302 4479 331 4551 ⁴)
351 4483 508 4551 expensi·
527 4485 578 4538 bs.
920 4483 946 4552 ο)
967 4485 1178 4538 1111111111
1197 4485 1248 4539 nn.

305 4571 333 4642 ⁵)
353 4571 474 4625 obricii
494 4572 545 4626 LA.
