3130 5078
290 369 367 442 518
629 380 724 436 lnnoo.
738 379 771 435 lll
785 379 1135 436 nnrsn.nnonnnrooscn.

816 621 938 692 CXXV.

288 763 476 828 Innocentius
504 761 546 826 lll
570 761 736 845 llplsenpls‚
762 763 920 828 lbbntltns
942 764 1108 846 oeterlnqno
1123 763 1259 843 bledein,
1286 763 1318 826 ln
1341 762 1472 826 enerrltn

439 871 709 950 ilrnoeslgnntnrnn
725 874 802 956 npnnl
819 873 1102 955 denstnntlnepellnn
1119 873 1325 936 existentllns.

290 1017 488 1092 Gratulatus,
504 1037 525 1080 a
543 1015 674 1080 Graecis
694 1015 738 1079 ad
757 1016 887 1082 Latinos
909 1016 1085 1080 eruorem
1107 1035 1174 1080 esse
1188 1015 1371 1102 imperim,
1390 1023 1422 1082 et
1435 1015 1473 1080 de

517 1167 519 1174 >
543 1123 735 1188 Graecorum
750 1123 837 1187 oiroo
849 1123 943 1209 fidem
959 1145 1069 1188 errore
1084 1123 1223 1188 disserit.

628 1263 660 1320 Α.
674 1263 699 1318 d.
716 1265 794 1330 1204,
810 1265 852 1320 die
866 1265 909 1321 lit.
928 1282 961 1320 nr.
974 1265 1132 1320 Novembris.

379 1393 507 1456 lnnoe.
529 1391 567 1456 lll
592 1393 680 1477 epist.
704 1391 753 1456 lib.
778 1391 846 1466 vll,
873 1411 921 1478 ep.
946 1390 1034 1460 cmv
1062 1393 1110 1458 ed.
1133 1393 1355 1480 brequigny
1379 1393 1415 1456 Τ.
1439 1393 1472 1466 ll,

290 1522 360 1587 pag.
378 1501 454 1566 bid.
479 1499 629 1564 Disseruit
645 1500 684 1565 de
698 1499 755 1566 bae
771 1499 896 1585 epistola
914 1499 1131 1584 liaynuldns
1153 1501 1173 1565 l.
1191 1501 1211 1565 l.
1229 1503 1262 1586 ᾗ.
1280 1501 1335 1565 21.
1352 1503 1408 1566 22.

380 1633 535 1726 Legimus
554 1631 585 1701 in
605 1631 738 1704 Daniele
756 1631 928 1728 propbeta,
954 1631 1044 1730 quod
1061 1631 1212 1704 estdeuo
1230 1634 1391 1714 incaelo,
1417 1635 1476 1728 poi

290 1760 419 1832 revelat
434 1763 605 1850 mysterio,
625 1763 699 1856 ipse
715 1768 822 1830 mutat
838 1768 994 1855 tmpore,
1014 1769 1048 1830 et
1065 1763 1230 1855 transfert
1245 1783 1365 1853 repro.

379 1885 450 1956 lloo
463 1890 571 1956 autem
586 1887 618 1954 in
633 1908 737 1979 reguo
749 1887 951 1956 Graecorum
965 1887 1163 1981 temporibus
1179 1887 1300 1956 nostris
1314 1884 1470 1968 videmus,

294 2017 328 2084 et
346 2009 525 2106 gaudemus
540 2009 676 2106 impleri,
698 2012 848 2104 quoniam
864 2013 904 2098 is,
924 2013 977 2106 qui
990 2012 1175 2084 dominetur
1192 2012 1224 2082 in
1244 2033 1351 2106 regno
1371 2009 1475 2082 bonni·

294 2161 381 2220 num,
403 2143 436 2210 et
454 2137 506 2208 oui
522 2136 660 2208 voluerit
674 2137 762 2207 dabit
780 2135 870 2221 illud,
891 2138 1283 2233 constantinopolitanum
1303 2138 1474 2232 lmperium

295 2263 483 2358 asuperbis
507 2263 548 2333 ud
570 2261 727 2347 humiles,
756 2265 796 2334 ab
817 2263 1078 2336 inobedientibus
1098 2265 1139 2336 ad
1160 2263 1309 2340 devotos.
1329 2287 1348 2334 a
1368 2263 1474 2334 sebis-

293 2391 416 2461 matieis
434 2389 477 2460 ad
496 2387 691 2472 catholicos,
721 2413 740 2460 a
760 2391 895 2462 Graecis
914 2391 1064 2462 videlieet
1083 2389 1248 2462 transtulit
1266 2391 1307 2461 ad
1327 2390 1473 2461 Latinos.

382 2516 482 2599 Sane,
508 2539 526 2586 a
546 2515 683 2586 Domino
703 2516 823 2586 laetum
843 2522 896 2588 est
913 2517 1012 2602 istud,
1033 2524 1068 2588 et
1085 2525 1136 2588 est
1155 2517 1300 2588 mirabile
1320 2518 1352 2586 in
1373 2516 1475 2588 oeulis

292 2642 425 2713 nostris.
464 2643 552 2712 llaee
580 2646 632 2712 est
658 2642 808 2736 proiecto
838 2643 992 2714 dexterae
1023 2643 1141 2714 excelsi
1171 2645 1324 2726 mutatio,
1353 2643 1386 2714 in
1416 2667 1476 2737 qua

297 2769 430 2840 dextera
442 2767 569 2840 Domini
585 2769 665 2838 ieoit
678 2769 843 2853 virtutem,
859 2777 896 2840 ut
909 2777 1153 2842 sacrosanctam
1167 2772 1343 2841 Romanam
1357 2769 1477 2841 Eccle-

292 2896 372 2966 siam
391 2895 559 2979 enaltaret‚
585 2895 659 2965 dum
678 2895 774 2966 liliam
793 2895 921 2968 reducit
939 2897 981 2968 ad
995 2903 1143 2980 matrem,
1168 2903 1293 2992 partem
1312 2897 1354 2967 ad
1373 2903 1476 2969 tobim

294 3029 328 3092 et
347 3023 523 3093 membrum
542 3021 583 3092 ad
601 3029 710 3114 eaput.
740 3023 882 3117 'l'empus
903 3023 986 3094 enim
1006 3023 1177 3093 advenisse
1195 3021 1322 3092 videtur
1342 3029 1409 3094 ete.
1422 3076 1430 3093 .
1445 3075 1473 3093 ..

382 3149 471 3220 Eece
492 3149 580 3242 jam,
605 3149 726 3220 batres
751 3155 786 3220 et
808 3149 880 3231 filii,
907 3149 1066 3243 colligere
1085 3149 1224 3246 potestis
1243 3156 1379 3242 aperte,
1406 3149 1478 3244 quia

295 3275 395 3360 Deus,
422 3272 509 3369 quod
528 3275 568 3345 ab
587 3279 722 3348 aeterno
748 3275 909 3370 praevidit
934 3277 1023 3347 etin
1052 3275 1220 3370 evangelio
1244 3277 1478 3372 praesignarit,

295 3425 431 3498 perros
450 3401 580 3472 tandem
604 3403 636 3471 in
663 3401 758 3472 nobis
776 3409 1016 3474 sacramentum
1036 3402 1190 3498 adimplet
1207 3401 1360 3495 superius
1381 3425 1478 3498 prae-

293 3529 444 3613 libatum,
465 3535 501 3600 ut
519 3529 726 3622 intelligatis,
747 3530 834 3624 quod
853 3553 918 3599 non
939 3530 1030 3624 quasi
1051 3553 1128 3602 easu
1147 3529 1304 3612 fortuito,
1332 3529 1393 3601 sed
1413 3531 1478 3601 alto

295 3657 422 3748 quidem
448 3655 584 3728 consilio
604 3655 693 3726 Deus
717 3655 781 3726 boe
807 3657 994 3750 mysterium
1020 3680 1080 3750 per
1099 3663 1239 3728 vestrum
1265 3657 1481 3728 ministerium

296 3790 464 3877 operatur,
490 3787 649 3876 quatenus
679 3781 719 3852 de
748 3789 859 3854 cetero
886 3782 930 3852 sit
954 3803 1052 3853 unum
1079 3781 1161 3853 ovile
1181 3790 1215 3854 et
1238 3805 1323 3854 nnus
1347 3793 1482 3878 pastor;

295 3911 427 4003 provide
441 3931 577 4002 namque
589 3909 831 4004 dispensatione
845 3908 995 3980 eonditor
1008 3915 1189 4004 temporum
1204 3917 1354 4004 tempora
1370 3911 1482 3983 distri·

295 4037 363 4108 buit
389 4037 555 4113 universa.
581 4043 634 4120 ut,
663 4058 737 4106 oum
762 4033 930 4130 plenitudo
958 4037 1102 4129 gentium
1122 4037 1163 4107 nd
1182 4035 1277 4107 tidem
1297 4037 1483 4120 intraverit,

294 4172 374 4235 tuno
393 4163 490 4234 etiam
509 4163 613 4232 omnis
634 4161 734 4234 lsrael
753 4163 860 4233 salvus
880 4163 945 4232 irat.

384 4289 551 4360 blonemus
571 4289 672 4384 igitur
685 4289 929 4360 universitatem
946 4294 1086 4359 vestram
1101 4298 1134 4359 et
1150 4289 1359 4361 exhortamur
1373 4299 1483 4362 atten-

296 4418 378 4497 tius,
406 4423 439 4486 et
463 4439 524 4510 per
550 4413 730 4511 apostoliea
756 4415 847 4486 vobis
872 4416 992 4508 scripta
1022 4415 1227 4498 mandamus,
1255 4407 1418 4509 quatenns
1443 4415 1484 4487 ad

297 4541 540 4614 accendendum
571 4542 753 4614 devotionis
781 4541 949 4626 allectum,
984 4567 1079 4636 quem
1108 4566 1189 4636 erga
1215 4549 1351 4615 matrem
1380 4567 1483 4626 suam,
