3130 5078
424 317 565 376 Bannurru
578 319 678 376 lunen.
691 337 782 377 aaran.
796 339 833 377 nn
846 321 942 376 laroc.
954 319 998 376 lll.
1226 308 1269 380 51
1283 311 1299 381 1

113 517 211 564 senes
226 501 260 564 et
278 499 438 586 sugentes
453 493 567 574 ubera,
587 493 790 564 sanctificate
808 493 892 562 diem
906 491 1140 585 acceptabilem
1155 491 1306 574 Domino,

115 620 200 690 diem
220 618 434 690 stabiliendae
452 619 586 689 unitatis
606 624 639 688 et
656 619 758 710 pacis,
780 625 813 688 et
832 641 927 711 qnam
945 619 986 688 ad
1000 618 1171 688 Dominum
1191 624 1307 688 custo-

115 745 239 828 dimus,
268 753 402 817 nostrae
431 744 632 815 fortitudinis
661 745 914 816 confirmandae.
952 744 1195 831 Quantumlibet
1224 745 1308 814 enim

114 871 349 942 insufficientes
365 873 465 942 simus
485 893 524 940 ex
541 870 649 954 nobis,
669 893 806 965 sperare
825 871 982 942 audemus
1000 872 1033 940 in
1047 871 1199 954 Domino,
1222 869 1310 962 quod

116 997 271 1090 gaudium
288 999 419 1068 Domini
444 999 486 1068 sit
508 997 668 1068 fortitudo
685 1005 799 1068 nostra
819 998 860 1068 ad
879 997 1102 1068 evacuandum
1120 997 1310 1066 scandalum

117 1124 239 1206 erucis,
259 1129 293 1193 et
306 1122 543 1214 subjiciendam
557 1124 590 1194 in
603 1125 702 1194 terris
716 1145 845 1193 omnem
860 1122 1077 1194 adversariam
1096 1127 1308 1214 potestatem,

118 1252 301 1342 erigentem
321 1273 358 1320 se
378 1251 535 1320 adversus
553 1249 724 1321 Dominum
745 1256 778 1319 et
797 1249 954 1320 adversus
975 1250 1139 1319 Christum
1158 1248 1243 1340 ejus.

211 1374 458 1457 Recordamini,
488 1376 586 1446 Pater
604 1381 736 1458 sancte,
765 1375 942 1446 cathedrae
971 1382 1100 1445 vestrae
1129 1396 1309 1458 sessorum,

117 1525 256 1596 quorum
283 1502 316 1570 in
344 1499 440 1571 coelo
469 1501 616 1594 gandent
646 1503 790 1585 animae,
819 1509 853 1572 et
878 1503 910 1570 in
934 1502 1035 1572 terris
1060 1502 1137 1570 vivit
1164 1501 1311 1593 gloriosa

117 1627 286 1706 memoria,
311 1627 481 1709 Jobannis‚
507 1628 647 1720 Agapeti
668 1635 702 1697 et
722 1627 842 1698 Leonis
862 1627 1064 1710 stallorum,
1084 1627 1138 1720 qui
1158 1651 1195 1695 ex
1216 1627 1311 1695 variis

118 1755 228 1824 causis
247 1751 640 1845 constantinopolitanam
667 1752 822 1844 leguntur
840 1751 1022 1823 Ecclesiam
1049 1751 1312 1844 praesentialiter

119 1881 287 1962 visitasse,
312 1879 398 1948 sicut
417 1879 448 1946 in
468 1877 659 1970 apostolicis
679 1879 868 1949 continetur
887 1875 1056 1958 archiviis;
1081 1883 1116 1946 et
1141 1877 1311 1946 invenietis

119 2005 304 2088 manifeste,
327 2005 355 2074 si
373 2028 446 2089 nos,
467 2005 522 2097 qui
541 2010 693 2074 asserunt
711 2029 748 2074 se
763 2004 897 2096 legisse,
917 2025 983 2072 non
997 2003 1125 2084 lallunt,
1146 2004 1235 2095 quod
1249 2026 1311 2096 pro

119 2132 228 2202 causis
246 2129 348 2223 longe
366 2131 546 2202 minoribus
566 2154 681 2202 eorum
700 2131 832 2222 quilibet
850 2131 1043 2200 adventarit.

210 2257 247 2326 Si
257 2249 468 2350 quidem¹)ex
477 2257 605 2327 ardenti
617 2257 792 2346 desiderio,
802 2258 990 2350 ultraquam
1001 2257 1110 2338 decet,
1121 2255 1312 2349 ingerimus,

120 2403 160 2451 ex
175 2380 376 2473 benignitate
391 2389 562 2465 consueta,
582 2383 764 2453 reverende
779 2382 889 2466 Pater,
904 2385 1079 2475 ignoscite,
1096 2382 1313 2473 affectumque

120 2513 269 2578 nostrum
281 2507 470 2600 apicemque
480 2510 604 2600 negotii
614 2509 750 2579 ulterius
761 2515 794 2578 et
803 2509 925 2602 potius,
938 2531 1031 2601 quam
1043 2509 1140 2578 verba
1149 2514 1310 2600 spectate.

214 2633 294 2704 lllud
319 2639 428 2705 autem
454 2634 551 2705 silere
577 2633 662 2706 nulla
686 2635 813 2706 ratione
832 2635 1007 2718 debemus,
1033 2633 1122 2728 quod
1140 2633 1313 2703 reverendi

118 2759 296 2834 Pontifices
323 2767 357 2831 et
380 2761 515 2832 abbates
539 2763 644 2832 nostri
665 2769 699 2832 et
724 2763 886 2832 inferioris
906 2768 1011 2834 status
1031 2761 1223 2831 uenerabilis
1243 2759 1313 2830 cle-

119 2911 189 2970 rus,
209 2893 276 2958 tam
291 2888 463 2979 magnifice
478 2913 517 2958 ac
533 2889 702 2973 decenter,
722 2897 788 2960 mm
806 2890 947 2960 honeste
967 2889 1052 2959 inter
1071 2911 1132 2958 nos
1147 2911 1185 2956 se
1200 2887 1314 2956 babuit

121 3037 163 3084 ae
182 3013 372 3105 prudenter,
394 3019 427 3082 et
445 3015 543 3083 armis
558 3015 629 3084 Deo
646 3015 835 3108 potentibus
855 3021 920 3084 tam
935 3020 1128 3084 constanter
1142 3037 1181 3083 ac
1195 3014 1312 3082 trium-

117 3139 260 3232 phaliter
279 3137 453 3220 dimicavit,
472 3145 509 3208 ut
529 3163 685 3210 coronam
704 3140 860 3210 uictoriae
880 3141 921 3209 de
940 3161 1036 3208 manu
1048 3137 1174 3208 Domini
1195 3139 1311 3208 merito

119 3264 264 3334 debeant
292 3271 485 3355 expectare,
514 3273 549 3335 et
577 3288 690 3335 eorum
718 3267 750 3334 in
777 3271 971 3358 perpetuum
1001 3287 1076 3334 esse
1100 3263 1257 3333 meruerit
1280 3264 1312 3332 in

29 3413 33 3422 ’
116 3389 351 3460 benedictione
372 3389 539 3474 memoria,
560 3398 604 3474 et,
625 3414 667 3459 ne
687 3389 764 3483 quid
783 3391 830 3460 eis
850 3393 881 3460 in
901 3389 965 3462 ulla
983 3391 1093 3484 gratia
1113 3389 1209 3471 desit,
1231 3412 1313 3480 apo·

118 3513 228 3584 stolici
246 3514 366 3584 favoris
387 3521 421 3586 et
441 3517 568 3608 gratiae
590 3517 753 3586 cumulum
771 3541 833 3611 pro
853 3523 920 3587 tam
938 3517 1023 3586 bene
1039 3516 1162 3586 meritis
1178 3514 1313 3584 euiden-

117 3640 184 3709 tius
207 3647 391 3731 reportare.

210 3763 369 3836 illustrem
381 3767 497 3848 virum,
517 3765 744 3858 H[eara'cum]
758 3767 950 3850 Dandulnm
963 3769 1088 3838 Ducem
1100 3767 1312 3848 Venetorum,

119 3890 273 3960 dilectum
304 3893 397 3961 nobis
426 3915 466 3960 ac
495 3894 613 3963 merito
644 3891 864 3984 diligendum,
900 3916 973 3962 cum
1004 3893 1117 3964 amicis
1146 3916 1185 3962 ac
1215 3893 1313 3961 sociis

118 4017 243 4085 nostris
259 4015 406 4100 Venetis,
426 4041 510 4109 quos
529 4017 643 4088 fideles
659 4041 698 4088 ac
712 4018 891 4088 industrios
910 4043 972 4110 per
986 4028 1103 4089 cuncta
1119 4019 1312 4110 reperimus,

117 4143 307 4236 paternitati
332 4147 461 4213 vestrae
489 4167 549 4236 pro
576 4168 654 4216 suae
679 4145 852 4236 probitatis
879 4146 996 4214 merito
1021 4145 1193 4238 plurimum
1219 4167 1311 4212 com·

118 4267 318 4339 mendamus.

122 4420 318 4430 ,------
329 4420 393 4426 ...-
410 4419 448 4428 -.ι

142 4497 170 4571 ¹)
190 4499 219 4554 si
239 4497 319 4570 quid
338 4497 420 4570 llayn.
