3148 5080
278 355 329 428 68
632 369 800 424 Osonnsran
812 367 940 422 lacunar
954 383 1118 424 concessio.

277 539 399 611 nostris
418 541 666 613 suecessoribus
686 547 720 612 et
737 537 932 622 heredibus,
962 540 1002 610 ab
1021 539 1121 610 bodie
1141 540 1286 612 inantea
1306 539 1424 610 damus
1445 547 1482 610 et

278 666 490 739 concedimus
505 668 596 739 vobis
609 668 750 764 quidem,
770 667 890 737 domno
910 665 1048 738 lobanni
1070 667 1269 752 Gradonico,
1290 665 1482 768 Venerabili

138 829 140 832 ·
277 791 438 866 Gradensi
466 793 686 876 Patriarcbac,
720 801 754 865 et
781 793 899 864 restris
927 793 1176 864 successoribus
1205 795 1237 864 in
1268 800 1482 887 perpetuum,

278 919 429 990 videlicet
451 919 632 991 Ecclesiam
662 921 749 992 beati
774 919 951 992 Archidani
971 943 1045 990 cum
1065 923 1151 991 omni
1170 944 1232 992 suo
1251 921 1424 992 territorio
1447 927 1484 992 et

277 1047 445 1130 benefitio,
465 1047 605 1140 positam
624 1047 656 1116 in
675 1047 880 1141 regali-urbe
900 1047 1194 1140 Constantinopoli,
1215 1071 1297 1140 quae
1317 1053 1372 1118 est
1390 1048 1483 1118 anti-

280 1174 388 1268 quitus
408 1171 450 1244 de
464 1173 542 1266 jure
561 1179 595 1244 et
613 1175 827 1268 possessione
846 1174 950 1246 nostri
970 1174 1081 1270 palatii
1101 1175 1280 1246 secundum
1295 1175 1484 1269 imperialis

280 1299 433 1371 crisovoli
454 1299 494 1391 (i.
516 1324 547 1371 e.
567 1299 807 1394 cbryaobullic)
828 1301 1116 1372 confirmationem.

370 1426 462 1497 llanc
480 1449 618 1522 namque
637 1429 915 1522 praenominatam
935 1433 974 1498 et.
987 1425 1190 1520 designatam
1210 1427 1384 1499 ecclesiam
1404 1451 1485 1498 cum

282 1561 354 1628 toto
375 1578 435 1625 suo
455 1556 611 1627 thesemo
634 1562 668 1625 ct
688 1554 782 1648 paliis
801 1553 843 1645 (l.
854 1553 992 1650 palliis)
1018 1561 1051 1624 et
1069 1553 1161 1624 libris
1182 1561 1304 1624 etcum
1325 1553 1486 1624 omnibus

281 1681 349 1750 suis
369 1680 531 1753 babentiis
552 1687 586 1752 ct
603 1680 809 1775 pertinentiis
829 1679 868 1749 ab
889 1679 975 1750 intus
994 1685 1028 1749 et
1046 1679 1144 1762 ioris,
1169 1702 1250 1774 quas
1270 1702 1357 1751 nunc
1376 1679 1486 1752 babet

209 1801 210 1806 ’
282 1813 317 1878 ct
348 1809 379 1877 in
413 1815 507 1879 antea
541 1804 647 1904 aliquo
681 1806 779 1878 modo
812 1805 963 1877 habitura
991 1813 1058 1890 est,
1088 1829 1161 1877 cum
1189 1807 1256 1877 suis
1284 1785 1486 1900 argasteriis

284 1933 325 2026 (i.
347 1957 376 2004 c.
398 1931 617 2030 crpasteriia)
632 1933 804 2004 uniuersis
830 1939 864 2003 et
890 1955 964 2003 cum
987 1957 1048 2004 suo
1072 1933 1235 2029 mankipio
1261 1940 1294 2006 et
1317 1936 1416 2005 furno
1449 1941 1487 2006 et

283 2083 356 2130 cum
386 2061 536 2132 omnibus
566 2062 698 2132 stateris
727 2066 760 2130 et
788 2061 877 2131 rubis
907 2067 941 2130 et
967 2059 1170 2154 ponderibus
1197 2067 1327 2132 etcum
1352 2061 1490 2132 cunctis

283 2188 394 2259 metris
413 2195 479 2259 tam
499 2188 541 2259 ad
560 2187 684 2272 oleum,
714 2211 808 2282 quam
828 2187 869 2258 ad
889 2187 1011 2270 vinum,
1040 2193 1167 2258 etcum
1187 2189 1337 2258 omnibus
1356 2190 1490 2259 nostris

282 2315 444 2398 tabernis,
473 2316 616 2410 quaein
646 2314 812 2410 praedicta
848 2313 929 2384 urbe
967 2313 1028 2383 sub
1056 2321 1169 2384 nostra
1197 2320 1364 2410 potestate
1407 2339 1491 2386 esse

283 2441 446 2525 uidentur,
467 2446 502 2512 et
520 2441 605 2513 sicut
624 2441 664 2511 ab
685 2441 951 2534 antecessoribus
971 2440 1094 2512 nostris
1113 2464 1268 2534 possessa
1288 2449 1321 2512 et
1339 2423 1490 2526 retenta,

285 2576 319 2640 et
338 2593 357 2640 a
376 2569 471 2640 nobis
492 2576 525 2640 et
543 2575 659 2641 nostro
679 2569 844 2639 dominatu
864 2569 1023 2640 hactenus
1045 2569 1150 2638 extitit
1170 2569 1353 2653 dominata,
1379 2571 1427 2640 ita
1455 2572 1491 2641 in

284 2702 424 2767 vestram
440 2701 474 2765 et
488 2695 669 2798 Gradensis¹
681 2693 850 2766 Ecclesiae
873 2701 907 2765 et
923 2717 1153 2766 successorum
1169 2697 1353 2766 vestrorum
1368 2697 1491 2769 damus

171 2855 173 2860 ·
285 2825 428 2918 atquein
442 2829 637 2917 perpetuum
652 2823 862 2893 concedimus
882 2823 1099 2916 plenissimam
1113 2829 1309 2916 potestatem
1329 2823 1492 2910 habendi,

286 2950 432 3033 tenendi,
457 2949 661 3033 meliorandi,
688 2949 870 3032 edificandi,
896 2949 1038 3034 fruendi,
1065 2943 1249 3032 ordinandi,
1275 2949 1491 3043 disponendi,

289 3077 473 3172 inquirendi
492 3084 526 3148 et
545 3079 576 3148 in
596 3085 789 3173 perpetuum
808 3076 1009 3172 possidendi.

382 3205 494 3298 ltaque
519 3204 604 3274 nulla
625 3204 687 3274 alia
706 3209 839 3286 statera,
861 3203 910 3272 vel
934 3203 1046 3287 rubus,
1072 3203 1121 3274 vel
1141 3203 1272 3297 pondus
1292 3211 1326 3274 et
1344 3211 1494 3276 metrum

289 3333 321 3402 in
338 3331 635 3424 Constantinopoli,
655 3330 706 3401 vel
726 3333 757 3399 in
777 3329 898 3400 imbolo
919 3329 966 3422 (s.
987 3331 1132 3423 embolo)
1153 3329 1214 3400 sub
1235 3355 1330 3401 manu
1346 3330 1496 3426 alicujus

290 3483 364 3530 esse
380 3459 532 3541 debeant,
553 3458 614 3528 nisi
629 3463 753 3528 statera
769 3464 802 3527 et
816 3455 897 3528 ruba
912 3463 945 3528 et
960 3458 1107 3551 pondera
1128 3464 1162 3527 et
1179 3466 1283 3529 metra
1298 3459 1497 3552 praedictae

289 3587 477 3668 Ecclesiae;
498 3585 586 3655 salva
605 3591 712 3654 tamen
733 3583 786 3653 illa
804 3584 1071 3674 honoriticentia,
1085 3608 1180 3678 quam
1194 3585 1361 3679 quondam
1382 3588 1497 3657 nostri

291 3735 479 3783 communes
498 3711 598 3804 legati
618 3711 651 3780 in
671 3709 785 3781 eadem
805 3709 944 3781 ecclesia
965 3719 998 3780 et
1016 3711 1159 3781 tabernis
1180 3710 1374 3782 babuerunt.

382 3839 506 3925 Quodsi
535 3861 674 3932 unquam
701 3839 732 3907 in
758 3845 908 3931 tempore
932 3843 1049 3940 contra
1068 3839 1230 3930 presentis
1250 3847 1383 3910 nostrae
1405 3862 1497 3912 con-

291 3965 627 4035 cessioniscartulam
652 3965 700 4034 ire
720 3965 769 4034 vel
789 3963 908 4058 aliquid
928 3964 1045 4034 exinde
1064 3965 1207 4035 minuere
1226 3963 1333 4058 aliquo
1354 3965 1498 4058 ingenio

292 4092 623 4185 praesumpserimus,
658 4091 744 4161 salva
779 4090 830 4160 illa
863 4091 1126 4172 honoriticentia,
1166 4091 1251 4161 sicut
1284 4091 1501 4185 praedictum

292 4225 360 4302 est,
395 4240 695 4312 supercomponcre
733 4215 948 4310 promittimus
979 4240 1052 4286 cum
1086 4218 1207 4287 nostris
1240 4220 1501 4292 successoribus

293 4352 326 4416 ct
349 4344 525 4418 heredibus
552 4344 648 4414 vobis.
671 4349 704 4414 ct
731 4345 849 4414 restris
877 4345 1127 4415 successoribus
1156 4345 1224 4414 auri
1254 4343 1361 4415 obs-ici
1391 4345 1501 4421 libras

294 4473 425 4552 decem;
457 4477 490 4541 et
517 4471 577 4541 bec
606 4471 830 4541 concessionis
859 4470 978 4564 pagina
1006 4478 1166 4564 perpetuo
1193 4471 1225 4539 in
1251 4493 1309 4542 sua
1338 4473 1503 4547 firmitate

295 4605 433 4668 mancat.
