3110 5080
409 301 505 357 Ιιιιιοο.
517 300 560 355 nt.
575 317 665 356 rrrsr.
678 318 714 356 sn
727 301 826 356 Duoru
840 301 947 354 verser.
1184 286 1255 358 441

86 471 357 543 exeommunicati
375 471 491 542 familia
511 478 699 554 excusetur3
722 471 900 544 necessitas
921 470 1015 554 enim,
1035 470 1168 540 maxime
1188 491 1261 540 oum

85 599 247 670 insistitur
265 599 355 692 operi
375 599 577 683 necessario,
601 597 732 670 multum
758 605 791 670 et
808 599 848 670 in
874 598 980 670 multis
1005 602 1148 668 excusat.
1178 595 1260 665 Cum

85 725 174 796 euim
192 723 365 806 Dominus,
392 724 477 795 sieut
495 725 527 794 iu
546 723 722 819 Evangelio
740 725 862 819 legisse
880 733 915 797 te
933 726 1096 806 novimus,
1123 721 1259 794 sabbato

84 873 150 946 per
167 857 238 922 sata
256 849 421 934 transiret,
442 857 475 922 et
494 849 648 923 vellerent
667 851 813 946 discipuli
839 853 908 924 eius
934 851 1041 946 spicas
1066 873 1104 924 ao
1124 849 1260 922 maudu-

84 982 204 1048 carent
222 975 368 1048 manibus
387 978 617 1063 contricantes,
643 985 676 1048 et
696 979 823 1074 quidam
844 979 1090 1051 Pharisaeorum
1108 978 1140 1048 iu
1160 977 1259 1048 disci-

85 1102 199 1197 pulos:
222 1103 307 1198 qnid
317 1107 455 1198 facitis,
475 1105 564 1198 quod
579 1129 646 1176 nors
663 1105 743 1178 lieet
759 1110 796 1178 irs
815 1105 983 1178 sabbatus?
1008 1091 1259 1198 proclamarent,

83 1229 184 1300 Jesus
213 1229 260 1299 eis
292 1228 412 1322 legitur
439 1231 663 1324 respondisse:
705 1255 766 1302 see
793 1233 856 1304 boe
881 1233 1030 1326 lepistis,
1062 1231 1152 1327 qood
1176 1233 1262 1326 feeit

83 1355 219 1440 Dauid,
246 1379 323 1427 eom
353 1360 500 1428 esuriret
531 1361 604 1453 ipse
637 1367 669 1429 et
694 1361 755 1453 qui
779 1382 855 1430 eom
883 1383 922 1430 eo
950 1366 1064 1442 erunt,
1097 1356 1259 1452 quomodo

82 1485 295 1554 introieritis
307 1482 440 1554 domm
455 1481 521 1555 Dei
532 1493 566 1555 et
575 1507 685 1579 porres
696 1489 939 1580 propositionis
952 1486 1104 1578 sumpsit,
1125 1492 1158 1554 et
1169 1481 1262 1554 dedit

86 1613 152 1692 iis,
172 1613 234 1704 qoi
248 1633 324 1680 eum
341 1613 415 1705 ι’ριο
433 1619 545 1694 wast,
569 1634 652 1706 quos
669 1635 737 1682 ιιοιι
754 1611 889 1696 licebat,
914 1614 986 1684 susi
1003 1619 1128 1682 toabam
1146 1633 1261 1681 socer·

86 1735 231 1820 dotibus,
249 1735 478 1810 manducare?
506 1737 550 1808 Et
568 1745 808 1832 consequenter
827 1737 963 1832 adjerit:
982 1747 1016 1808 et
1029 1737 1140 1808 bilius
1154 1736 1259 1808 bomi-

85 1866 144 1934 rtis
167 1861 322 1935 domium
341 1867 507 1942 estetiom
524 1865 672 1949 subbati,·
697 1863 759 1936 sed
781 1874 814 1936 et
837 1865 900 1936 boe
923 1867 1091 1959 nepotiom
1110 1873 1160 1935 est
1176 1863 1263 1936 Filii

84 1989 244 2062 bominis.

179 2117 283 2200 Unde,
307 2117 333 2188 si
352 2125 488 2212 propter
506 2126 677 2214 urgentem
696 2119 924 2192 necessitatem
943 2123 1095 2212 oporteat
1113 2139 1260 2188 eommu-

85 2245 198 2318 uieare
212 2251 246 2315 te
259 2241 405 2328 Venetis,
419 2245 452 2316 in
466 2245 580 2338 quibus
594 2246 664 2316 siue
679 2247 767 2340 gravi
782 2246 933 2318 sorano
949 2253 983 2317 et
995 2244 1110 2340 pandi
1127 2243 1259 2338 dispen-

86 2371 142 2442 dio
171 2371 243 2442 illos
270 2393 336 2442 nou
363 2369 488 2465 poteris
516 2369 655 2456 evitare,
684 2373 725 2444 de
751 2372 950 2466 induigentia
975 2378 1088 2444 nostra
1111 2393 1258 2455 securus,

85 2497 191 2570 labem
210 2498 335 2590 peceati
354 2505 491 2592 propter
507 2487 573 2570 boo
592 2497 773 2570 nuliatenus
791 2499 1011 2594 pertimescas.

177 2624 343 2695 Mouernus
366 2624 467 2716 igitur
492 2623 719 2697 discretionem
738 2631 843 2708 tuam,
871 2631 905 2696 et
924 2624 1130 2696 exhortamur
1149 2629 1259 2694 atten-

84 2751 162 2830 tius,
183 2759 216 2820 et
234 2773 294 2842 per
311 2751 492 2842 apostoliea
511 2751 568 2822 tibi
587 2753 707 2846 scripta
727 2751 923 2836 mandamus,
944 2758 1100 2846 quatenus
1119 2751 1259 2845 legatio·

85 2899 159 2948 ueru
172 2875 304 2960 Christi,
324 2898 387 2970 qus
399 2877 546 2970 iungeris
566 2885 600 2950 et
618 2903 677 2974 pro
697 2902 759 2972 qua
779 2879 1016 2974 quodammodo
1037 2879 1207 2974 abnegasti
1225 2886 1259 2950 to

84 3005 207 3098 ipsum,
234 3002 342 3074 taliter
367 3005 571 3098 exsoquaris,
600 3006 687 3098 quod
706 3012 740 3076 et
764 3005 900 3099 gloriam
928 3007 958 3075 iu
984 3007 1146 3098 praesenti
1171 3013 1204 3076 et
1229 3005 1260 3075 iu

82 3131 195 3202 tuturo
222 3131 397 3224 praemium
422 3132 634 3226 consequaris
662 3137 846 3216 aeteruum,
880 3132 1012 3226 Nosque
1038 3132 1079 3204 ad
1104 3131 1259 3202 honorem

84 3263 174 3330 tuum
193 3257 236 3329 de
254 3258 305 3328 die
323 3258 355 3328 iu
375 3257 459 3329 diem
477 3257 611 3352 amplius
630 3257 797 3330 intendere
815 3266 992 3331 teneamur.

175 3401 249 3475 Dat.
270 3401 420 3488 Αιιιιιιιιιι,
448 3402 475 3472 X
495 3401 562 3474 Cal.
583 3403 679 3473 Febr.

608 3617 744 3694 cxvul.

83 3762 272 3828 trassero-s
284 3762 324 3825 ΙΙΙ
334 3760 427 3826 rsbttt
440 3761 502 3825 rire
514 3761 654 3844 (lauriss
667 3761 827 3842 barinis),
842 3762 913 3826 bret
926 3761 1108 3844 Venetorum,
1123 3763 1260 3844 spirituus

540 3870 657 3933 ausilii
675 3871 810 3934 rarioris.

82 4013 188 4100 ipsum
204 4034 243 4078 oo
262 4011 387 4077 Venetos
408 4013 452 4076 od
472 4013 718 4100 resipiscendum
739 4020 770 4078 et
794 4013 840 4078 od
853 4013 1082 4100 poenitentiam
1104 4014 1260 4100 wentam

100 4129 240 4210 propter
251 4121 388 4206 sooinres.
405 4120 490 4208 quod
502 4121 654 4186 adsersus
669 4121 820 4186 Juderum
835 4123 1063 4194 commiserant,
1080 4123 1234 4188 bonatus.

436 4262 467 4316 A.
483 4263 508 4316 b.
523 4263 606 4322 1204,
624 4262 667 4318 die
679 4263 724 4318 24.
737 4280 770 4318 m.
783 4263 923 4318 Februarii.

173 4391 296 4454 innoc.
321 4390 357 4454 ΙΙΙ
378 4391 466 4475 epist.
492 4389 541 4454 bib.
565 4389 632 4459 Vbi,
656 4411 702 4474 ep.
728 4391 834 4464 ttulit,
859 4391 906 4455 eb.
924 4391 1145 4477 Brbquiguy
1168 4394 1203 4457 Τ.
1221 4393 1257 4471 ΙΙ,

85 4521 113 4584 p.
130 4499 207 4572 459,
232 4497 294 4563 Cir.
311 4497 489 4585 Raynald.
507 4499 525 4563 Ι.
543 4498 562 4562 l.
580 4519 606 4562 a.
627 4498 722 4572 1204,
738 4501 770 4582 ᾖ.
788 4501 839 4565 25.
866 4499 956 4565 Gesta
973 4501 1072 4565 ianoe.
1091 4524 1117 4567 o.
1135 4502 1192 4566 XC.
