3110 5080
366 367 466 422 tuero
480 367 512 422 ll
525 367 584 422 lrrr·
598 365 643 421 tle.
656 381 792 424 rrrsronu
806 381 844 420 an
856 366 952 421 lusco.
964 365 1006 420 lll.
1195 357 1272 428 427

91 533 180 606 felici
209 534 304 606 exilio
330 535 555 608 detestabilem
580 537 722 608 erasisse
739 537 959 629 tyrannidem,
990 537 1022 608 in
1046 559 1110 631 quo
1137 543 1171 608 ct
1197 535 1273 608 mibi

93 659 235 732 coelitus
264 661 373 734 datum
397 670 450 735 est
474 669 613 735 vestram
637 662 848 758 apostolicam
867 664 979 734 videre
996 685 1185 758 personam
1214 663 1273 734 sed

94 811 157 858 nce
180 788 258 858 illnd
284 796 427 860 veebum
451 789 567 884 cffugit
593 789 756 873 auditum,
786 791 872 883 quod
899 791 1150 885 peregrinorum
1177 789 1274 862 beata

93 915 255 998 societas,
282 915 506 988 crudelitatem
531 915 713 988 abominata
739 916 874 988 acetaria
899 916 1049 1002 inauditi,
1074 939 1184 988 amore
1203 915 1273 986 lra-

93 1045 191 1110 terno
210 1063 268 1112 seu
288 1043 397 1134 potius
416 1043 624 1113 miseratione
643 1049 798 1136 paterna,
818 1042 943 1114 exihum
962 1048 1121 1114 meumst
1141 1065 1272 1115 causam

88 1166 303 1258 justissimam
321 1169 466 1263 quidem,
492 1169 550 1240 sed
570 1169 656 1264 apud
674 1169 821 1242 homines
840 1169 1062 1263 desperatam,
1086 1177 1154 1241 tam
1172 1169 1273 1240 misc-

91 1293 268 1364 ricorditer
286 1317 381 1388 quam
399 1295 534 1366 viriliter
552 1296 672 1368 adorsa
690 1295 788 1368 luerit
805 1296 987 1368 sublevare.
1010 1297 1170 1382 lituum,
1190 1319 1272 1390 quu-

91 1419 168 1491 liter
180 1421 212 1490 in
227 1421 373 1492 manibus
387 1445 500 1494 eorum
513 1429 578 1494 tam
592 1445 675 1506 mea,
695 1445 790 1516 qnam
809 1423 910 1516 patris
929 1445 948 1494 a
969 1423 1107 1494 Domino
1127 1446 1271 1518 prospe-

92 1555 164 1618 rata
183 1545 227 1618 sit
244 1547 344 1631 salus,
373 1547 574 1620 sublevatum
602 1547 643 1620 de
670 1571 805 1621 carcere
833 1549 980 1643 ejusdem
1007 1549 1141 1621 illustris
1166 1547 1271 1644 patris

92 1674 155 1744 mei
170 1680 268 1768 caput
282 1675 436 1758 ostendit,
451 1675 682 1770 imperialibus,
697 1686 734 1747 ut
748 1675 856 1760 decet,
870 1675 1049 1768 insignibus
1064 1675 1267 1760 decoratum,

91 1806 126 1870 et
144 1799 330 1872 restitutum
350 1801 447 1895 capiti
473 1825 547 1872 meo
572 1825 646 1874 cum
665 1777 904 1896 sollempnitate
923 1802 1031 1873 dehita
1051 1801 1180 1897 Imperii
1200 1802 1271 1873 dia-

93 1926 205 2010 dema,
231 1933 332 1998 noctu
352 1927 464 2022 elapso
483 1929 670 2023 perfugam
691 1929 872 2000 detestabili
890 1928 1064 2023 parricida,
1091 1931 1144 2022 qui
1163 1929 1272 2000 fasces

92 2053 221 2145 lmperii
246 2053 400 2126 inaudite
421 2055 598 2149 tyrannidis
616 2053 824 2126 incubatione
841 2055 1013 2149 polluerat.
1042 2055 1101 2126 llic
1118 2055 1271 2150 prolecto

91 2179 311 2272 suspirantem
334 2181 376 2252 ad
402 2205 463 2252 nos
487 2182 600 2253 urbem
619 2181 754 2276 Regiam
779 2181 983 2252 sermonibus
1011 2182 1093 2253 adeo
1114 2181 1273 2252 iniecerat

90 2306 270 2388 venenatis,
291 2313 326 2377 ut
339 2307 380 2377 ad
393 2307 636 2380 subversionem
651 2308 809 2378 libertatis
828 2309 975 2402 antiquae
995 2307 1122 2400 pubhce
1136 2309 1272 2379 Latinos

91 2435 260 2502 assereret
285 2431 478 2516 adventare,
505 2435 558 2528 qui
582 2433 788 2528 Apostolatui
815 2440 923 2505 vestro
948 2435 1056 2506 locum
1081 2441 1114 2504 et
1138 2439 1271 2526 gentem

90 2558 268 2630 restituere
293 2558 498 2644 laborarent,
524 2584 638 2656 meque
657 2561 689 2630 in
708 2560 815 2631 odium
841 2559 1010 2632 traherent
1032 2561 1127 2632 etiam
1147 2561 1272 2632 amico-

90 2707 181 2763 rnm,
208 2685 303 2777 cujus
328 2687 502 2758 occasione
521 2693 554 2758 et
572 2687 680 2757 studio
698 2709 781 2780 opus
806 2693 871 2757 tam
895 2689 1093 2779 insperatum
1112 2687 1272 2758 Latinitas

89 2809 292 2882 inchoasset.

182 2937 285 3020 llaec,
299 2937 419 3019 fatcor,
434 2960 533 3040 causa
546 2938 747 3031 potissimum
761 2939 802 3010 ad
816 2937 992 3010 subsidium
1010 2945 1157 3012 nostrum
1176 2963 1274 3035 pere·

90 3065 262 3157 griuorum
282 3063 408 3134 animos
431 3063 605 3147 inclinavit,
630 3064 730 3156 quod,
756 3065 1185 3160 promissione'spontanea,
1210 3067 1272 3138 sub

85 3189 305 3284 Jurisjurandi
320 3189 495 3283 religione,
511 3190 684 3262 christiana
698 3214 807 3263 sumus
823 3191 996 3264 devotione
1010 3193 1155 3287 polliciti,
1170 3196 1272 3265 totins

89 3315 346 3388 Christianitatis
365 3315 620 3388 ecclesiasticum
640 3324 755 3411 caput,
782 3319 959 3390 Romanum
987 3321 1139 3392 videlicet
1162 3322 1272 3415 ponti-

88 3446 197 3526 licem,
217 3442 442 3536 apostolorum
461 3443 616 3536 principia
634 3445 722 3516 Petri
741 3443 934 3516 catholicum
953 3469 1191 3530 successorem,
1210 3470 1272 3519 nos

88 3569 255 3641 humiliter
282 3567 473 3660 agnituros,
498 3570 591 3640 etad
610 3569 674 3641 hoc
691 3572 794 3664 ipsum
813 3572 1002 3644 orientalem
1022 3574 1192 3646 ecclesiam
1210 3599 1270 3668 pro

89 3697 213 3767 uiribus
231 3697 435 3780 inducturos,
455 3697 481 3766 si
496 3696 636 3766 debitum
657 3697 751 3768 nobis
771 3698 875 3770 diuina
894 3700 1058 3772 miseratio
1076 3703 1272 3774 restituisset

91 3824 284 3916 Imperium,
310 3821 533 3915 intelligentes
551 3823 721 3914 profecto,
746 3825 834 3918 quod
853 3827 1013 3898 accedere
1031 3825 1153 3900 debeat
1169 3829 1272 3923 pluri·

91 3972 178 4020 mum
212 3949 349 4020 honoris
382 3956 417 4019 et
449 3949 594 4020 utilitatis
626 3950 763 4044 lmperio
803 3959 838 4023 et
871 3955 990 4024 nomini
1025 3962 1141 4027 nostro
1169 3957 1271 4027 decus

90 4083 274 4158 aeternum,
293 4075 320 4144 si
334 4076 443 4146 tunica
458 4075 583 4145 Domini
603 4076 804 4148 inconsutilis
822 4102 913 4150 snam
931 4081 1052 4152 nostris
1069 4084 1272 4176 temporibus

91 4209 126 4272 et
149 4201 306 4294 operibus
330 4201 468 4296 recipiat
493 4201 660 4272 unitatem.
689 4202 732 4272 Et
752 4203 816 4274 hoc
835 4205 982 4298 quidem,
1009 4214 1045 4278 ut
1067 4208 1271 4292 dictumest,

89 4335 157 4398 tam
177 4327 361 4420 peregrinis
380 4327 498 4398 vestris
517 4327 577 4396 sub
593 4327 778 4420 juramento
798 4333 1018 4425 promisimus,
1045 4357 1139 4426 quam
1158 4343 1271 4430 pater-

90 4454 184 4526 nitati
209 4461 340 4524 restrae
367 4451 518 4523 exhibere
541 4453 667 4546 plenius
691 4463 941 4550 praeoptamus,
969 4483 1095 4531 omnem
1120 4464 1212 4535 uobis
1238 4473 1273 4538 et

91 4579 341 4654 successoribus
377 4579 493 4652 vestris
528 4581 684 4653 canonice
716 4581 949 4658 substituendis
977 4587 1186 4662 devotionem
1212 4617 1272 4690 per
