3148 5080
484 367 730 424 Gaarsonunuruur
744 368 849 422 hurxu
863 367 882 422 l.
1229 351 1280 424 49

80 538 183 616 pterea
203 534 253 598 ἔπ’
270 537 398 618 ὀνόματι
418 541 471 597 τοῦ
494 533 655 620 τιλαμγιλι·
711 531 762 618 qni
785 529 1042 616 Constantinopoli
1068 528 1202 595 officinas
1223 528 1281 593 ha·

81 650 155 704 στοῠ
174 641 274 729 (adde
290 641 361 728 καί)
378 643 548 708 ἀποστόλου
564 643 657 728 Μοίρ-
712 639 839 714 hehant;
856 639 995 705 cilicinas
1011 659 1129 725 quoque
1147 637 1280 710 donavit,

83 772 137 814 νιου
152 750 299 832 ἐκκλησίᾳ
319 755 494 838 ὑποφόρους
510 753 658 823 ἅπαντας
711 769 727 814 a
748 750 847 814 reteri
870 748 996 812 Ehraica
1022 747 1103 812 scala
1124 765 1219 832 usque
1242 743 1280 810 ad

82 862 154 932 τοὺς
172 860 204 922 ἰκ
216 859 347 948 Μίλρης
362 859 398 950 [Ι.
413 854 447 934 ἰξ
463 855 657 948 Ἀμάλρης],
711 856 837 939 Biglam.
854 877 921 942 que
937 856 1057 928 dicitur.
1080 855 1279 940 pertinentes,

84 969 114 1029 ἰν
131 967 450 1034 Κωνσταντινουπίλτι
467 971 657 1056 ἐργαστήρια
710 967 782 1030 item
812 965 911 1030 scalas
949 965 1025 1028 intra
1059 965 1117 1029 hoc
1149 964 1279 1048 spatium

83 1081 292 1160 κατίχοντας,
304 1083 457 1148 πεποίηκε,
477 1081 525 1140 καί
542 1081 582 1139 τὰ
596 1079 657 1139 dud
710 1075 803 1147 sitas,
826 1072 994 1157 multasque
1015 1071 1088 1136 alias
1105 1093 1155 1136 res
1172 1072 1279 1136 immo-

81 1195 137 1255 τῆς
165 1184 309 1257 παλαιᾶς
340 1183 514 1270 ‘apparatur
539 1183 656 1256 σνάλοις
709 1181 787 1246 biles
819 1201 887 1246 cum
914 1181 944 1245 in
971 1181 1047 1246 sede
1073 1181 1278 1266 Imperatoria,

81 1297 175 1378 μέχρι
216 1303 273 1364 τῆς
313 1293 503 1376 καλουμένης
541 1292 656 1378 Βίχλας
709 1297 771 1356 tum
783 1291 813 1354 in
825 1289 900 1354 urhe
912 1289 1094 1374 Dyrrachio,
1110 1297 1141 1354 et
1153 1289 1280 1354 ubicun-

82 1399 227 1472 διήκοντα
241 1403 493 1488 ἰρχαστίιριακαί
503 1406 561 1474 τὰς
572 1403 655 1474 ἰντὸς
710 1421 768 1486 que
799 1399 843 1464 illi
870 1403 1055 1483 expeterent.
1092 1398 1176 1480 Quod
1204 1417 1276 1462 vero

80 1517 191 1574 τούτου
240 1511 500 1597 ἰμπεριεχομίνας
538 1509 656 1582 σκάλας
711 1508 806 1592 majus
833 1512 894 1571 est:
926 1511 1123 1571 mercaturam
1158 1504 1277 1570 illorum

82 1618 267 1706 ἐδωρήσατο
305 1625 356 1681 καί
393 1623 503 1705 ἐτέρων
537 1616 655 1682 πολλῶν
709 1613 853 1698 uectigali
869 1616 1029 1679 immunem
1043 1615 1118 1678 tecit
1134 1615 1163 1678 in
1180 1616 1278 1678 omni·

82 1731 233 1798 ἀκινήτων
257 1725 380 1812 δωρεὰς
402 1730 432 1789 ἰν
450 1749 483 1790 τι
499 1739 535 1808 τῇ
558 1725 655 1810 βασι·
709 1723 765 1790 bus
790 1723 964 1805 regionibus
992 1723 1121 1808 imperio
1144 1723 1276 1788 hnmano

80 1835 210 1918 λουούσῃ
231 1837 283 1899 καί
307 1846 344 1916 τῇ
368 1833 448 1899 πόλει
466 1837 654 1921 Δυρραχίου,
708 1831 869 1914 subjectis.
901 1831 942 1894 ita
974 1837 1008 1896 ut
1038 1831 1133 1895 libere
1164 1851 1278 1916 suoque

80 1951 130 2008 καί
145 1947 215 2007 ὅποι
234 1943 301 2006 ποτ’
320 1944 357 2005 ἂν
375 1944 477 2008 ἰκτῖνοι
489 1947 653 2026 ᾐτήσαντο.
710 1941 834 2006 arbitrio
846 1944 1011 2007 mercatum
1025 1941 1171 2014 tacerent.
1188 1945 1278 2024 atque

81 2051 123 2115 Τί
152 2051 187 2115 δί
217 2049 255 2123 δὴ
278 2053 393 2134 μεῖζον·
425 2059 479 2123 τὴν
507 2055 654 2138 ίμπορίαν
708 2052 881 2116 commercii
908 2051 1022 2114 aliusue
1042 2049 1145 2116 tributi
1172 2050 1277 2113 erario

84 2164 186 2224 αὐτῶν
201 2161 335 2244 ἀζήμιον
349 2163 486 2232 ἰποίησιν
498 2162 529 2222 ἰν
537 2165 655 2233 πάσαις
707 2158 872 2244 praestandi
889 2160 1009 2224 nomine
1022 2179 1059 2222 ne
1072 2157 1191 2224 obolum
1208 2159 1276 2242 qui-

82 2281 149 2342 ταῖς
173 2273 234 2333 ὑπὸ
257 2275 313 2338 τὴν
330 2263 469 2343 ἰξουσίαν
489 2267 653 2353 Ῥωμαίων
707 2267 776 2331 dem
789 2267 905 2342 darent,
917 2267 972 2334 sed
986 2268 1065 2332 omni
1076 2267 1275 2334 Romanorum

81 2383 217 2464 χώραις,
236 2379 316 2439 ὥστε
337 2383 455 2451 ἀνίσως
472 2381 655 2464 ἰμπορεὺεσ-
707 2381 858 2462 potestate
875 2377 985 2442 exemti
1001 2381 1114 2441 essent.

1 2489 2 2500 ’
79 2488 139 2551 θαι
152 2495 205 2550 καί
222 2493 305 2550 κατὰ
322 2492 356 2550 τὸ
374 2491 479 2559 αὐτοῖς
491 2485 653 2570 βουλησόν,

80 2603 154 2679 μὴτι
166 2602 229 2679 μὴν
241 2599 317 2682 ὑπὲρ
331 2599 534 2681 κομμερκίουῆ
546 2597 654 2680 ἑτέρας

82 2709 161 2776 τινός
201 2700 393 2790 εἰσπράξεως
430 2710 475 2782 τῷ
516 2701 652 2786 δημοσίῳ

80 2813 332 2896 εἰσκομιζομένης
349 2817 495 2896 παρέχειν
514 2813 588 2896 ἄχρι
604 2819 655 2875 καί

1 2900 2 2976 l
82 2919 193 3004 ὀβολοῦ
211 2923 291 2994 ἑνός,
308 2918 375 2982 ἀλλ’
387 2915 445 2992 ἔξω
462 2923 566 2992 πάσης
578 2919 652 2982 εἶναι

84 3027 263 3112 Ῥωμαῖκῆς
280 3023 471 3112 ἐξουσίαςί).

119 3217 124 3234 ,
169 3133 414 3222 Chrysehullium
428 3138 536 3220 ipsum,
550 3157 607 3201 uec
616 3135 833 3220 autographum
842 3135 991 3210 Greeum,
1006 3156 1061 3201 nec
1070 3138 1278 3221 apographum

1 3227 2 3236 λ
79 3245 218 3310 Latinum
235 3245 452 3316 authenticum,
470 3244 700 3328 deprehendere
716 3243 803 3309 nobis
820 3245 956 3327 contigit.
981 3245 1070 3307 Latet
1086 3243 1166 3308 haud
1185 3245 1276 3309 dubie

80 3355 156 3419 iuter
176 3355 323 3437 ingentes
345 3353 473 3417 necdum
497 3357 617 3437 apertos
640 3373 694 3416 seu
711 3353 810 3436 potius
827 3349 963 3433 digestos
985 3351 1101 3416 archivi
1122 3353 1277 3434 generalis

80 3463 157 3548 apud
169 3462 307 3528 Venetos
320 3461 492 3534 thesauros,
505 3460 813 3546 quos-vetustioris
826 3459 972 3544 imprimis
985 3461 1099 3524 aevi-
1112 3461 1277 3546 disponere

1 3625 2 3628 ,
82 3573 219 3657 iustoque
235 3569 325 3633 modo
342 3569 494 3634 collocare
509 3569 557 3634 uix
572 3569 760 3652 inceperunt.
787 3566 845 3649 Qui
862 3566 994 3651 diploma
1006 3567 1082 3632 vidit
1098 3571 1129 3632 et
1143 3569 1174 3632 iu
1191 3589 1277 3635 usum

81 3699 162 3742 suum
190 3677 359 3749 conuertit,
384 3675 513 3760 optimus
535 3676 694 3749 habret,
716 3677 797 3740 illius
820 3676 940 3740 nonnisi
963 3677 1132 3759 fragmenta
1147 3681 1277 3762 margini

81 3789 179 3873 operis
196 3787 245 3852 sui
262 3785 421 3869 adposuit,
445 3785 481 3848 T.
498 3785 521 3858 Ι,
542 3805 571 3870 p.
591 3785 666 3851 275.
692 3785 829 3849 Attamen
852 3786 931 3848 sorte
954 3785 1072 3850 fortuna
1089 3785 1164 3852 illud
1181 3789 1276 3872 priui-

81 3895 189 3980 legium
202 3897 410 3960 insertumest
419 3893 623 3980 chrysohullio
636 3895 820 3960 Επνααιιοίίο
832 3893 1025 3978 imperatoris
1038 3917 1064 3958 a.
1075 3895 1174 3970 1148,
1187 3897 1275 3962 huius

82 4005 276 4072 collectionis
292 4025 338 4068 ur.
357 4003 412 4080 hl,
435 4024 471 4068 ex
486 4023 543 4088 quo
561 4003 671 4068 deiude
688 4004 861 4078 adiicietur;
887 4008 985 4077 antea,
1009 4005 1133 4089 nequid
1152 4007 1277 4070 deside·

81 4119 171 4192 retur,
195 4115 368 4194 fragmenta
392 4111 444 4175 illa
465 4133 529 4176 τιονι
544 4113 584 4178 ab
604 4113 690 4177 οιιιπί
705 4119 803 4199 parte
819 4121 926 4179 necho
942 4113 1110 4199 diplomati
1125 4135 1275 4188 consona,

1 4211 2 4214 ¹
81 4219 197 4287 hiesus
212 4221 320 4287 ordine
333 4223 506 4304 sequantur.
519 4219 587 4304 lpse
599 4219 743 4284 hebret
756 4221 794 4286 de
804 4239 916 4286 summa
928 4221 1016 4286 huius
1029 4221 1182 4308 privilegii
1194 4223 1276 4290 haec:

154 4561 179 4634 ¹)
198 4563 238 4616 lle
260 4563 312 4616 hoe
326 4561 463 4634 priuilegio
476 4582 498 4618 ν.
512 4563 625 4620 Willen.
638 4563 664 4618 in
678 4565 840 4636 Kreuacige‚
853 4566 883 4620 Τ.
894 4567 924 4630 ll,
938 4584 1000 4638 pag.
1015 4569 1067 4624 les
1080 4568 1169 4640 ibique
1182 4575 1237 4626 ποί.
1252 4573 1277 4627 ³.

1 4674 2 4679 τ
125 4653 277 4700 roamxu.
1043 4661 1061 4713 4
