3110 5076
453 319 642 374 Pervxursrun
656 317 763 372 lsuucu
776 317 834 372 lsr.
1159 307 1232 377 179

11 539 12 566 3
62 483 283 568 cbrpsobnllium
296 483 380 571 (nro.
393 482 488 570 Lxx)
501 483 633 548 continet
648 485 869 546 renovationem
882 499 984 544 eorum
997 479 1234 566 privilegiorum,

11 607 12 612 ’
62 611 117 676 poe
131 593 166 658 sb
183 592 288 658 Alexio
304 600 335 657 et
351 592 466 658 dosnne
479 592 638 664 comneno.
656 589 764 656 deinde
780 611 834 675 per
847 587 1040 654 Emnnuelem
1053 589 1235 656 Venetorum

62 701 222 788 reipublice
234 721 379 766 concesse
395 703 525 774 luerunt,
542 701 668 764 maxime
683 701 722 764 de
738 699 878 766 libertate
894 699 1044 765 mercandi
1061 699 1235 782 navigandi·

63 831 110 895 que
124 833 178 894 per
193 817 286 874 totum
303 810 459 894 Imperium
472 809 656 874 Grecorum.
682 807 849 874 Alterum
866 807 947 896 (nro.
962 807 1070 894 xxxi)
1084 807 1237 873 confirmet

11 965 13 1010 3
63 919 204 1001 singulare
234 925 353 1004 paetum
379 919 568 992 Emenuelis,
597 923 737 1004 spectans
764 920 975 1004 possessiones
999 915 1180 982 Venetorum
1207 919 1238 982 in

11 1023 13 1124 j
64 1027 125 1092 vrbe
140 1029 477 1113 constantinopolitana.
502 1029 676 1092 Tertium
694 1028 776 1116 (nro.
790 1025 915 1112 LXllll)
929 1031 976 1091 est
988 1047 1063 1091 novo
1076 1025 1237 1094 concordis

11 1145 14 1230 l
63 1159 108 1204 ren
126 1139 285 1204 conventio
310 1137 389 1202 inter
405 1137 530 1202 Grecos
553 1143 584 1201 et
600 1135 731 1202 Venetos
756 1137 846 1210 initu,
870 1135 995 1200 maxime
1012 1136 1050 1200 de
1066 1136 1237 1220 prestando

11 1237 13 1318 l
64 1253 151 1312 mutuo
170 1251 276 1312 conus
288 1247 393 1311 hostes
405 1245 550 1310 subsidio.
567 1244 670 1310 Latius
687 1245 724 1310 de
741 1245 788 1310 his
804 1245 973 1329 privilegiis
988 1246 1053 1328 egit
1068 1243 1239 1310 blsrinus

11 1323 14 1436 ,l
64 1357 94 1419 Τ.
108 1357 157 1430 lll‚
184 1378 214 1441 p.
232 1357 298 1422 263
315 1377 360 1440 sq.
385 1377 410 1419 s.
433 1355 499 1420 libr.
516 1355 564 1427 111.
584 1375 610 1420 e.
628 1355 674 1420 lX.
694 1392 736 1402 -
760 1354 840 1420 Nibil
862 1353 958 1442 (quod
982 1352 1105 1440 mirum)
1129 1353 1167 1420 de
1190 1354 1240 1419 his

11 1521 13 1578 Ι
63 1465 146 1550 puetis
162 1465 240 1550 apud
257 1465 423 1548 scriptores
441 1463 564 1529 Grecos
581 1463 641 1548 legi
658 1469 785 1528 constet.

600 1633 683 1706 nxx

65 1754 241 1836 lrlvlleglrrn
270 1756 376 1820 lsrebll
398 1757 589 1838 inperatoris
611 1755 929 1838 donstuntlnoprlltul
951 1772 1120 1820 ceramon
1135 1754 1241 1822 uelit·

288 1865 405 1930 vonis·
423 1866 509 1929 lrrlo
526 1865 664 1946 legistro
681 1865 776 1945 Petro,
792 1865 864 1930 brol
880 1865 1013 1930 Venetis.

460 1987 491 2042 A.
506 1988 532 2042 d.
547 1988 627 2050 1187,
638 2005 673 2050 m.
686 1988 837 2043 Februario.

11 2051 13 2152 ἶ
142 2099 235 2161 niver
260 2098 352 2162 Albus
377 2098 427 2162 ev.
454 2099 551 2161 s-o.
586 2099 653 2162 niv.
680 2099 762 2163 rao.
789 2098 811 2169 v.
838 2099 910 2163 ros.
945 2097 1046 2162 sonuit
1073 2053 1244 2162 morinus

62 2206 79 2268 ι.
93 2229 118 2270 0.
136 2207 188 2279 nr,
205 2209 280 2272 sev.
470 2223 473 2231 ·

142 2341 242 2428 Quod
268 2339 412 2412 Venetici
442 2339 572 2433 quidem
600 2365 665 2410 non
695 2364 779 2412 nunc
807 2341 912 2435 primo
941 2339 1073 2412 Romeis
1102 2339 1242 2411 lcderuti

59 2467 147 2538 amici
174 2469 283 2539 effecti
308 2468 390 2551 sint,
416 2490 477 2538 neo
502 2491 605 2562 nuper
629 2491 742 2538 eorum
761 2467 872 2537 amieis
892 2467 1141 2562 fautoribusque
1159 2491 1244 2538 cou-

60 2597 232 2679 numeruti,
260 2569 326 2666 sed'
345 2620 383 2665 ex
413 2618 477 2688 quo
503 2601 633 2687 tempus
662 2593 830 2678 crebrum,
858 2595 987 2688 priores
1005 2595 1076 2666 lere
1095 2593 1244 2666 omnibus

59 2720 144 2793 ltalie
164 2721 354 2792 Romeninm
374 2721 545 2804 adeuntes,
566 2727 599 2792 et
619 2720 849 2805 devocionem,
875 2745 969 2816 quam
989 2745 1069 2815 erge
1087 2719 1245 2816 progeni·

60 2851 145 2918 tores
165 2847 293 2942 imperii
318 2847 420 2920 nostri
446 2845 626 2931 habebant,
651 2847 829 2918 ferventius
849 2848 918 2918 eliis
938 2847 1146 2932 exhibentes,
1172 2853 1247 2919 octe

62 2973 171 3044 abeis
196 2973 282 3069 apud
310 2973 507 3046 Durocbiurn
532 2975 753 3046 testimonium
776 2973 949 3069 perhibere
975 2998 1040 3046 non
1062 2975 1247 3070 ambigunt:

62 3126 134 3173 sane
153 3125 230 3173 cnm
248 3101 412 3174 liebertus
427 3101 601 3174 Viscamius
617 3103 708 3195 gravi
729 3125 873 3196 equoreo
894 3103 1039 3174 exercitu
1058 3103 1248 3175 Romnniem

65 3221 188 3313 invasit,
209 3231 241 3300 bi
261 3237 340 3302 tune
359 3231 446 3302 obuii
465 3231 498 3302 in
517 3231 605 3302 illum
623 3231 751 3323 egressi
773 3229 858 3302 baud
878 3231 1031 3327 neglecto
1052 3232 1194 3326 navigio,
1214 3237 1249 3303 et

11 3395 13 3430 l
64 3357 201 3449 piissimo
222 3381 419 3454 semperque
437 3357 647 3428 memorando
667 3381 791 3452 proavo
811 3359 938 3453 imperii
965 3360 1086 3442 nostri,
1117 3358 1249 3430 domino

65 3483 173 3556 Alexio
200 3485 387 3568 Comnano,
414 3485 610 3557 accedentes
635 3487 781 3557 lautores
808 3510 872 3557 non
898 3487 1024 3569 vocati,
1055 3509 1120 3557 non
1142 3485 1250 3580 parvis

65 3613 216 3705 perieulis
235 3638 273 3684 se
292 3621 496 3710 opponentes
522 3615 554 3684 in
581 3619 696 3686 contre
717 3615 821 3700 illum,
847 3615 991 3686 victorie
1010 3613 1039 3684 ei
1058 3637 1122 3685 non
1144 3636 1250 3708 quun·

68 3739 141 3812 libet
158 3748 285 3836 partem
305 3743 524 3814 contuderunt.

11 3867 13 3888 ²
152 3870 294 3939 Primum
314 3868 423 3964 itaque
449 3867 512 3939 hoe
534 3869 700 3939 exordium
719 3869 919 3964 primamque
937 3869 1078 3940 redicem
1099 3867 1250 3939 devotio·

11 4045 13 4054 ι
71 3995 132 4079 nis,
160 4019 256 4090 quum
280 4019 361 4089 erge
386 3995 529 4067 Romeos
553 3997 723 4080 fovebunt,
753 3995 958 4077 exhibentes,
983 4018 1103 4088 exque
1127 3995 1255 4066 fructus

72 4145 132 4192 non
159 4131 370 4218 sumpserunt
399 4124 560 4217 ignobiles
595 4124 679 4216 (non
699 4123 783 4194 enini
803 4131 882 4195 tune
900 4123 1103 4194 solummodo
1123 4123 1255 4194 Romeis

72 4254 155 4322 servi
176 4259 287 4336 erunt,
311 4276 421 4323 verum
448 4253 543 4323 etiarn
571 4252 641 4323 eliis
665 4253 867 4346 temporibus
892 4259 926 4323 et
950 4253 1052 4336 locis,
1078 4252 1256 4345 dequibus

71 4401 129 4474 per
166 4389 278 4474 partes
316 4381 497 4475 exprimere
533 4379 692 4476 prolixum
730 4380 819 4473 est),
857 4403 875 4451 e
907 4385 1022 4452 nostre
1054 4379 1257 4451 sublimitatis

72 4506 339 4602 progenitoribus
392 4529 456 4578 non
504 4507 630 4580 minimo
683 4509 806 4599 premia
852 4505 960 4600 adepti
1007 4512 1105 4590 sont,
1157 4529 1254 4578 unum

988 4644 1042 4698 12·
