3110 5080
254 303 351 358 Puera
364 319 451 360 rurus
463 305 614 361 llsssrouu
627 307 789 360 Daununuu
802 322 839 360 rr
854 303 1100 362 Gouossrouaros.
1183 295 1261 366 449

77 472 250 544 seruitium
269 459 461 568 lmperafltri
481 481 514 546 et
532 476 671 570 lmperio
690 476 893 560 laciendum,
918 478 1004 550 iuxta
1024 499 1151 549 ornnem
1171 475 1262 548 ordi·
1332 531 1334 534 -

79 623 154 670 uem
175 603 324 695 superius
343 602 553 674 declaratum.

173 726 257 798 Data
281 751 365 800 anno
386 729 504 800 domini
523 729 710 802 millessimo
729 732 970 804 ducentessimo
989 738 1122 826 quarto,
1151 753 1265 800 mense

79 855 208 948 llarcij‚
227 855 404 926 indictione
423 857 570 950 septima.

79 1065 119 1129 B.
145 1068 262 1131 Pactum
290 1069 369 1133 luter
393 1069 545 1134 lcnrlonn
572 1071 706 1134 llsrdule
734 1072 1000 1152 lucenicanus,
1030 1075 1060 1135 et
1084 1069 1265 1134 Bonllsclurn

151 1178 347 1242 marchione!
375 1179 601 1258 desudanti,
633 1199 667 1244 sc
694 1181 866 1244 Baldutnun
893 1182 1026 1244 comitem
1053 1179 1204 1257 litaldo,
1236 1183 1267 1242 et

150 1285 324 1351 ludovicum
355 1290 488 1353 cenlten
515 1289 684 1353 'lesensen
711 1310 764 1372 pre
792 1291 929 1374 captione
951 1290 1033 1353 artis
1061 1289 1264 1352 denotantia·-

151 1394 295 1478 pollione.

512 1503 542 1560 A.
555 1503 581 1560 d.
594 1505 674 1566 1204.
687 1523 720 1558 m.
734 1505 835 1558 llartio.

176 1617 210 1687 ln
229 1619 359 1688 nomine
379 1619 430 1688 dei
449 1621 564 1691 eterni.

176 1743 245 1816 Nos
265 1745 392 1839 quidem
412 1746 652 1843 Mummius]
670 1747 900 1818 lllontisl'errati
920 1747 1082 1830 marchio,
1108 1753 1141 1816 et
1165 1745 1266 1836 B[nl·

81 1870 233 1963 duram]
255 1871 412 1944 Flandriae
432 1881 465 1944 et
484 1875 651 1968 Aynonise,
673 1873 906 1966 undecim]
924 1873 1090 1946 Blesensis
1110 1881 1144 1944 et
1163 1873 1268 1945 Clari-

83 1998 216 2080 montis,
227 1999 386 2070 llenricus
397 2003 499 2072 sancti
510 2001 611 2082 Pauli,
622 2002 772 2083 comites,
782 2024 844 2094 pro
854 2007 1068 2096 parteuostra
1078 1998 1266 2084 Vobiscum,

83 2125 134 2196 vir
153 2124 280 2208 inclite,
307 2125 435 2214 domine
455 2129 595 2199 Henrice
614 2128 778 2212 Dandule,
803 2127 960 2212 Venecie,
987 2127 1150 2200 Dalmacie
1170 2132 1267 2222 atque

84 2251 248 2322 Chroacie
266 2253 348 2336 Dur,
369 2275 442 2324 enm
456 2261 549 2347 parte
565 2262 685 2340 vestra,
701 2255 743 2326 ad
761 2255 837 2339 hoc,
857 2263 894 2326 ut
908 2256 1014 2326 unitas
1030 2262 1063 2325 et
1078 2255 1167 2324 firma
1182 2255 1267 2322 inter

84 2401 148 2448 nos
176 2379 281 2471 possit
309 2404 383 2450 esse
410 2382 606 2466 concordia,
640 2391 674 2452 et
702 2382 744 2452 nd
770 2405 896 2454 omnem
929 2381 1096 2453 materiam
1124 2379 1269 2451 scandali

85 2505 289 2589 evitandam,
322 2507 393 2600 ipso
426 2509 665 2602 cohoperante,
704 2509 758 2602 qui
791 2516 843 2580 est
869 2531 930 2602 par
963 2515 1093 2590 nostra,
1127 2515 1161 2578 et
1190 2508 1269 2578 lecit

86 2625 294 2726 utramque)
315 2657 431 2718 unum,
457 2636 498 2706 ad
517 2636 589 2729 ejus
608 2636 736 2706 laudem
761 2643 795 2706 et
818 2635 971 2730 gloriam,
999 2636 1097 2706 talem
1122 2635 1268 2706 duximus

86 2760 235 2831 ordinem
254 2760 503 2844 observandum,
523 2771 658 2858 utraque
677 2769 770 2858 parte
785 2765 972 2855 juramento
991 2764 1141 2832 astricta:

177 2889 212 2958 ln
230 2887 340 2980 primis
362 2889 501 2958 omnium
521 2901 641 2961 armata
667 2913 778 2974 manu,
806 2889 925 2960 Christi
952 2889 1101 2960 invocato
1126 2889 1267 2969 nomine,

87 3016 250 3086 civitatem
276 3039 464 3109 expugnare
488 3017 661 3097 dehemus;
692 3023 726 3088 ct
751 3017 906 3110 sidivina
930 3015 1099 3086 ausiliante
1123 3013 1269 3108 potentia

76 3143 248 3214 'civitatem
268 3143 504 3227 intraverimus,
525 3145 585 3215 sub
605 3168 717 3214 eorum
737 3144 893 3236 regimine
913 3143 1069 3212 debemus
1089 3163 1217 3210 manere
1236 3145 1270 3209 et

88 3269 148 3352 irc,
176 3269 230 3362 qui
249 3269 369 3340 luerint
387 3271 487 3364 super
505 3273 680 3343 exercitum
700 3270 870 3364 preelecti,
898 3275 932 3340 et
951 3293 1009 3339 eos
1028 3269 1131 3361 sequi,
1152 3287 1271 3338 secun·

89 3397 164 3467 dum
185 3396 272 3488 quod
290 3397 390 3468 fuerit
408 3398 601 3470 ordinatum.
664 3471 673 3514 ς

179 3525 296 3594 Totum
317 3524 446 3616 quidem
465 3524 600 3610 harere,
628 3527 715 3619 quod
734 3527 765 3596 in
785 3526 913 3596 ciuitate
932 3526 1094 3596 inventum
1114 3520 1230 3602 luerit,
1251 3539 1269 3586 a

90 3651 235 3746 quolibet
250 3650 324 3721 duci
339 3649 436 3722 debet
456 3659 490 3722 et
507 3655 584 3747 poni
604 3655 634 3722 in
654 3643 791 3724 comune
810 3675 850 3722 eo
869 3653 956 3734 loco,
977 3674 1041 3744 quo
1060 3648 1160 3720 luerit
1179 3646 1270 3717 ordi-

90 3785 209 3850 natum.
238 3777 288 3847 De
308 3801 372 3872 quo
397 3785 505 3850 tamen
532 3779 651 3851 harere
679 3779 772 3850 nobis
792 3786 825 3850 et
848 3779 1029 3850 hominibus
1050 3775 1183 3847 Venetis
1201 3780 1271 3844 tres

89 3913 203 4001 partes
228 3904 349 3975 debent
375 3903 456 3976 solvi
484 3929 544 3999 pro
572 3907 627 3977 illo
651 3905 790 3989 havere,
822 3907 910 3998 quod
935 3905 1065 3976 Alexius
1090 3904 1271 3996 Imperator

90 4033 264 4104 defunctus
291 4031 452 4124 quondam
476 4034 570 4104 nobis
589 4039 623 4104 et
640 4033 732 4103 vobis
751 4032 879 4103 solvere
904 4033 1084 4102 tenebatur.
1115 4031 1270 4116 Quartam

89 4184 171 4232 vero
197 4131 321 4254 partem
346 4160 440 4229 nobis
466 4163 609 4231 retinere
636 4160 810 4243 debemus,
840 4161 944 4231 donee
963 4159 1118 4229 luerimus
1144 4157 1176 4226 in
1202 4155 1271 4248 ipsa

90 4288 260 4359 solucione
280 4285 464 4380 coequales.

116 4497 143 4571 ¹)
164 4502 337 4567 utramque
356 4497 423 4560 LA.;
443 4498 584 4567 utraque
604 4497 661 4551 rell.

123 4591 215 4637 Fontes.
228 4591 274 4636 xil.
