3110 5076
317 353 389 424 lilii
687 361 927 417 Cunrsonunnruu
942 363 1049 418 lsaacrr
1062 363 1123 417 lar.

311 533 493 614 exibentes,
523 535 611 603 etei
640 557 726 605 nunc
750 535 863 606 melius
889 536 1058 607 seruicium
1084 533 1293 628 pollicentes,
1320 533 1368 602 sic
1392 531 1491 625 ipsum

310 667 515 730 sacramento
535 667 569 730 et
587 663 812 733 conuencione
820 655 848 752 ¹)
873 663 1010 756 lmperio
1029 667 1145 734 nostro
1165 659 1432 732 corroborantes.

399 787 472 857 Non
491 794 543 858 est
561 789 734 860 coniuncta
754 789 900 872 Venetia,
920 812 1139 883 necunquam
1158 789 1381 880 coniungetur
1400 787 1493 856 alicui

309 923 539 986 coronatorum
565 915 616 987 uel
641 941 706 987 non
727 924 976 1001 coronatorum,
1000 919 1070 986 siue
1088 917 1231 1010 gentium
1252 915 1304 986 uel
1330 915 1492 986 nationum

311 1041 404 1113 alicui
433 1051 548 1113 contra
578 1037 786 1138 lmperium²)
825 1045 943 1114 domini
978 1044 1186 1139 lmperatoris
1214 1045 1433 1114 llomanorum
1462 1049 1494 1112 et

310 1191 441 1262 semper
460 1171 590 1261 augusti
610 1171 727 1241 donnini
747 1170 875 1264 lsaakij
897 1171 1026 1264 dugeli,
1046 1171 1153 1241 donec
1173 1169 1298 1250 uixerit,
1324 1168 1377 1238 uel
1397 1167 1492 1237 bere-

309 1294 384 1365 dum
404 1296 474 1364 eius
493 1296 709 1367 masculorum
729 1299 782 1368 uel
802 1299 1010 1380 seminarum,
1036 1297 1088 1389 qui
1110 1295 1162 1366 uel
1187 1319 1251 1389 que
1276 1293 1493 1388 imperabunt,

309 1421 360 1491 uel
381 1421 525 1505 illorum,
552 1425 605 1517 qui
626 1449 663 1495 er
683 1431 841 1518 precepto
862 1449 974 1495 eorum
999 1425 1220 1518 imperabunt,
1244 1423 1284 1492 ad
1310 1421 1493 1492 nocendum

309 1550 463 1621 Romanis
482 1553 718 1644 particulariter
737 1555 788 1624 uel
809 1552 1053 1627 uniuersaliter:
1079 1576 1139 1623 nec
1164 1575 1223 1644 per
1242 1575 1279 1621 se
1300 1573 1440 1642 unquam
1467 1550 1494 1618 ei

309 1677 451 1748 nocebit.
722 1655 726 1666 ⁸

395 1797 510 1887 Item,
538 1807 834 1901 quocienscumque
853 1809 1033 1902 principum
1053 1807 1168 1900 aliquis
1191 1812 1427 1878 coronatorum
1444 1803 1496 1876 uel

308 1953 372 2000 non
396 1939 644 2016 coronatorum,
681 1935 730 2005 uel
757 1937 901 2029 gentium
925 1927 1021 2024 aut³)
1053 1935 1218 2005 nationum
1245 1931 1351 2025 aliqua
1378 1939 1498 2002 contra

308 2059 494 2128 Romaniam
523 2061 610 2130 uenit
635 2061 675 2131 ud
701 2063 929 2134 ollendendum
958 2087 1027 2134 eam
1057 2085 1129 2133 cum
1155 2061 1259 2154 galeis
1278 2059 1497 2153 quadraginta

309 2183 360 2254 uel
389 2183 552 2276 pluribus,
582 2211 684 2279 usque
710 2189 751 2257 ad
778 2195 926 2268 centum,
955 2195 988 2257 et
1013 2189 1137 2278 indiget
1162 2188 1331 2280 lmperium
1353 2186 1424 2254 eius
1443 2185 1496 2255 uel

308 2309 447 2380 heredes
467 2313 547 2392 eius,
569 2337 673 2384 mares
694 2315 743 2384 uel
763 2315 892 2398 lemine,
913 2315 966 2408 qui
982 2316 1033 2385 uel
1048 2339 1110 2408 que
1129 2303 1346 2409 imperabunt,
1367 2310 1421 2381 uel
1440 2309 1497 2393 illi,

309 2438 362 2530 qui
393 2463 431 2506 ex
460 2447 618 2534 precepto
649 2441 718 2512 eius
748 2443 966 2536 imperabunt,
996 2443 1131 2514 seruitio
1162 2441 1391 2511 veneticorum
1420 2461 1497 2508 cum

308 2565 411 2658 galeis
441 2567 654 2661 quadraginta
684 2577 718 2640 et
746 2594 847 2662 usque
876 2570 916 2640 ad
945 2579 1094 2652 centum,
1123 2568 1246 2640 debent
1270 2566 1347 2638 illud
1374 2565 1500 2636 babere

310 2691 392 2764 infra
418 2717 546 2765 menses
571 2719 628 2765 sex
653 2703 729 2788 post
754 2697 861 2767 datam
888 2698 1039 2767 noticiam
1059 2696 1141 2766 Duci
1160 2695 1200 2764 ab
1222 2694 1360 2787 lmperio
1380 2713 1501 2762 eorum

309 2820 454 2891 Venetie.
484 2822 671 2892 Huiusmodi
696 2847 777 2894 uero
797 2825 893 2917 galee
913 2823 1034 2893 debent
1053 2822 1188 2894 Venetie
1208 2822 1278 2892 lieri
1298 2829 1332 2890 ct
1349 2821 1460 2915 parari
1481 2843 1500 2888 a

310 2945 471 3018 Veneticis
499 2972 572 3018 cum
600 2950 753 3020 uniuerso
781 2959 937 3044 apparatu
968 2941 1078 3020 earum
1110 2972 1169 3042 per
1202 2947 1393 3042 peccuniam
1423 2945 1501 3017 illuc

309 3071 438 3142 missam
457 3075 497 3143 ab
517 3075 656 3170 lmperio
676 3098 801 3160 eorum,
826 3077 877 3146 uel
898 3077 1061 3147 inuentam
1081 3075 1123 3146 ibi
1143 3099 1160 3145 a
1181 3081 1274 3169 parte
1293 3072 1501 3146 celsitudinis

309 3222 434 3282 eorum,
451 3199 612 3272 Veneticis
627 3203 705 3273 darc
720 3203 913 3274 debentibus
933 3203 1080 3274 homines
1099 3209 1205 3297 aptos,
1227 3210 1261 3273 ut
1276 3201 1501 3295 unusquisque

308 3350 421 3398 eorum
455 3328 559 3420 presit
593 3331 812 3423 properationi
842 3331 982 3423 quinque
1017 3330 1214 3424 gallearum3
1244 3329 1298 3422 qui
1328 3335 1362 3399 et
1388 3329 1501 3398 iurare

309 3455 448 3538 debent,
477 3455 564 3548 quod
588 3457 708 3527 sacient
734 3481 790 3526 eas
812 3457 896 3528 bene
919 3459 1007 3541 lieri,
1037 3463 1072 3528 ut
1091 3479 1185 3528 urnam
1206 3479 1367 3550 quamque
1386 3479 1501 3526 earum

310 3590 441 3652 centum
468 3583 683 3676 quadraginta
707 3585 780 3654 lore
806 3577 1044 3676 romatorum⁴l
1074 3593 1199 3656 etcum
1226 3585 1311 3654 omni
1338 3591 1501 3678 apparatu

310 3733 420 3780 earum
446 3733 519 3780 cum
544 3711 712 3782 celeritate
732 3717 766 3781 et
784 3712 853 3781 sine
872 3712 1006 3794 fraude,
1032 3693 1209 3782 secundum
1231 3711 1320 3804 quod
1348 3713 1502 3782 lacerent

311 3859 367 3907 eas
382 3837 464 3919 lieri,
485 3837 511 3905 si
525 3837 619 3930 galee
634 3845 745 3908 essent
759 3837 906 3921 Venetie,
926 3845 982 3910 aut
996 3840 1021 3907 si
1039 3861 1112 3909 cum
1131 3838 1289 3932 peccunia
1304 3837 1374 3908 lieri
1393 3837 1500 3909 debe·

167 3993 172 4002 ·
309 3971 384 4034 rent
399 3962 544 4033 Venetie.
574 3966 616 4035 nt
631 3966 850 4058 unusquisque
870 3989 984 4036 eorum
1005 3964 1104 4035 debet
1121 3965 1271 4060 accipere
1285 3965 1326 4035 de
1342 3965 1500 4036 uostiurio

313 4089 433 4160 domini
466 4091 672 4183 Imperatoris
703 4091 905 4163 liberalitatis
936 4093 1047 4184 gracia
1076 4084 1279 4186 yperpera⁵l
1312 4092 1498 4185 sexaginta.

383 4298 459 4334 saruc
446 4298 557 4335 ranm
542 4286 629 4336 ntm
642 4299 786 4337 -οιιοιιι
771 4283 876 4336 Μία-ι
958 4281 1018 4354 )r
1005 4287 1207 4338 remotorum
1226 4283 1289 4346 LP.;
1315 4279 1501 4352 remigato-

337 4279 453 4425 )naarn
429 4373 505 4425 m.ll
1004 4390 1073 4426 rum
1093 4375 1142 4437 ll.;
1161 4391 1192 4428 an
1212 4372 1437 4428 armatorum?

330 4461 525 4534 ²)dddinot
484 4466 636 4518 nostrum
656 4465 741 4517 etld.
956 4463 1200 4535 ⁵)numismata
1236 4467 1273 4517 ut
1308 4462 1393 4518 alibi
1425 4479 1502 4535 per-

334 4551 535 4630 ⁸.)atqucll
1002 4571 1084 4625 para
1103 4555 1136 4610 ll.
