3148 5080
341 407 520 464 Vnnnronuur
534 423 659 465 ursario
672 411 967 466 Consraumuoronnr
981 427 1077 466 ursss.
1276 403 1298 474 3

98 575 304 648 vestimentis
333 577 514 651 Salvatoris
545 587 579 652 et
610 581 689 653 alias
721 581 874 676 reliquias
902 581 1099 652 Sanctorum
1131 581 1227 652 nobis
1259 581 1301 653 ad

99 704 277 776 eeclesiam
295 713 442 778 sanctam
462 707 721 778 consecrandam
741 707 811 779 dari
829 708 920 780 feeit.

191 831 247 903 Au
258 835 468 905 neccessarie
481 833 580 928 hujus
595 835 706 929 operis
720 836 818 906 etiam
831 835 1010 929 magistros
1021 833 1147 920 tribuit,
1158 840 1195 906 ut
1205 835 1301 907 eitius

1 1015 2 1034 2
100 981 186 1052 opus
206 959 390 1054 explerent,
411 970 446 1032 et
463 961 593 1057 expleto
609 983 712 1057 opere
726 961 945 1056 congregatio
966 965 1079 1032 saneta
1097 960 1302 1032 incessanter

1 1077 2 1146 1
99 1107 162 1179 pro
183 1085 293 1157 salute
314 1087 512 1158 serenissimi
532 1088 743 1184 Imperatoris
762 1093 796 1159 et
814 1110 949 1161 suorum
973 1085 1133 1158 heredum
1152 1093 1299 1158 orarent.

195 1213 248 1284 os
266 1213 423 1285 thesauro
451 1237 550 1298 vero,
577 1215 666 1307 quod
685 1215 872 1286 manifestat
897 1235 955 1286 sus
982 1218 1075 1284 sarta
1098 1237 1173 1284 eum
1197 1213 1302 1286 literis

99 1339 228 1424 aureis,
259 1345 293 1411 et
310 1346 417 1412 totum
436 1341 573 1425 donum,
600 1341 690 1435 quod
709 1343 741 1411 in
760 1341 824 1412 hoo
842 1340 918 1412 loeo
937 1339 1008 1435 ipse
1026 1341 1241 1425 transmissit,
1267 1341 1301 1412 in

1 1479 2 1502 ³
99 1466 171 1559 ipsa
191 1489 323 1537 camera
342 1467 464 1538 salvum
484 1491 559 1539 esse
578 1467 759 1540 statuimus.

1 1672 2 1702 3
193 1595 319 1665 Tamen
347 1594 450 1688 ipsam
478 1599 601 1665 cartam
626 1595 658 1666 in
686 1618 815 1667 eernere
833 1595 938 1666 nostri
963 1593 1073 1690 palatii
1093 1593 1241 1665 volumus
1260 1600 1298 1666 ut

1 1807 2 1812 ἵ
100 1743 234 1814 semper
256 1725 458 1815 permaneat,
487 1729 521 1792 et
540 1725 577 1792 ut
603 1744 670 1793 non
699 1722 805 1794 valeat
827 1721 943 1815 uliquis
967 1720 1032 1791 hoe
1057 1719 1179 1806 dicere,
1207 1720 1297 1814 quod

99 1846 179 1917 illud
202 1848 437 1919 monasterium
464 1847 569 1918 saneti
594 1847 758 1920 Zaooarim
791 1849 832 1919 de
858 1847 997 1941 alicujus
1022 1845 1180 1919 thesauro
1209 1853 1300 1919 esset

101 1979 348 2058 constructum,
387 1973 447 2044 nisi
485 1974 526 2044 de
558 1973 752 2045 sanctissimi
786 1973 907 2045 domini
946 1973 1051 2045 nostri
1087 1973 1299 2069 Imperatoris

1 2103 2 2108 ’
101 2097 238 2170 Leonis.

685 2267 725 2336 11.

345 2405 521 2472 teneura·
538 2407 648 2490 legatio
665 2405 944 2488 torstutinpeltn
960 2405 1060 2468 mirso.

597 2530 630 2585 u.
644 2529 670 2584 u
683 2528 762 2600 san(
780 2529 805 2602 ).

192 2634 331 2700 Andreas
374 2636 573 2704 Danuuius
609 2641 641 2704 in
679 2640 823 2706 ohronioo
854 2637 874 2700 1.
899 2638 918 2702 Ι.
947 2657 979 2722 p.
1008 2633 1090 2702 164:
1129 2636 1192 2702 Hie
1218 2636 1298 2714 Due

1 2801 2 2810 ,
102 2743 141 2829 (i.
166 2763 194 2806 e.
221 2745 392 2826 Angelus
420 2745 671 2814 Partioiaous
697 2768 753 2813 seu
780 2749 882 2836 potius
904 2743 1197 2832 Parteoipanio)
1227 2765 1298 2810 enm

1 2923 2 2926 ,
99 2851 177 2916 meos
188 2853 276 2938 filios
290 2853 432 2928 haberet,
455 2857 667 2924 lastinianum
684 2856 979 2945 Constantinopolin
994 2854 1090 2928 misit.
1107 2855 1163 2942 qni
1177 2855 1216 2920 ab
1233 2854 1297 2918 Im·

1 2951 2 3002 1
97 2968 254 3046 panem
273 2964 379 3030 Leone
400 2966 502 3030 votive
524 2975 706 3055 meoptns,
730 2969 880 3034 honorem
900 2965 1026 3054 Hypoti
1045 2984 1101 3028 sen
1119 2963 1298 3051 imperiales

1 3089 2 3092 ’
102 3068 407 3138 commonionem
426 3072 487 3138 cfr.
501 3075 649 3142 Lebret
665 3078 701 3140 Τ.
713 3078 737 3150 1,
754 3099 784 3162 p.
800 3077 874 3142 137.
899 3074 1017 3140 Mario
1033 3073 1063 3136 in
1079 3071 1188 3138 Storiu
1204 3071 1299 3182 civile

102 3181 270 3265 cpoliticn
285 3183 341 3248 del
354 3185 539 3250 commercio
555 3187 603 3251 de’
622 3187 796 3260 Veneeinni,
813 3187 849 3249 Τ.
867 3186 902 3260 ΙΙ,
919 3206 949 3270 p.
967 3185 998 3248 9.

679 3375 732 3444 ΙΙΙ.

1 3519 2 3524 ’
101 3505 157 3571 loe
172 3507 195 3571 V
210 3509 366 3572 Armenius
383 3509 548 3576 tireeoru
565 3513 730 3596 turpentur
751 3519 783 3577 et
803 3513 867 3576 uu
889 3513 1065 3580 Venetorum
1087 3519 1299 3586 subditionis

1 3611 2 3640 ¹
385 3622 589 3686 unsrun
605 3621 819 3690 strenuorum
834 3623 1025 3690 interdicunt.

585 3745 615 3797 Α.
629 3745 655 3800 d.
668 3745 822 3801 ste-820.

191 3847 241 3914 De
257 3849 305 3914 his
321 3851 362 3916 ita
379 3851 575 3920 Dandulus
591 3857 620 3919 in
638 3856 782 3920 chronico
804 3855 966 3941 (Murstori
983 3858 1004 3922 Ι.
1022 3879 1049 3924 e.
1061 3880 1091 3944 p.
1108 3859 1206 3947 167):
1230 3865 1300 3930 Hoe

100 3963 245 4044 tempore
260 3977 331 4024 eum
346 3961 537 4049 consuisset,
555 3965 626 4030 loon
641 3971 764 4041 annoto,
782 3986 851 4052 qntoe
863 3973 956 4030 erent
966 3967 1205 4054 Hierosolymis,
1216 3992 1299 4058 pro·

1 4097 2 4102 κ
98 4065 221 4147 sonori,
245 4067 308 4132 Leo
325 4089 395 4134 enm
406 4072 485 4155 filio,
506 4069 720 4158 imperotores
735 4073 872 4160 negantii
890 4075 1025 4142 edietum
1046 4087 1298 4166 proposuerunt,

1 4227 2 4264 n
101 4193 139 4238 ne
154 4175 227 4262 quio
243 4175 278 4240 in
294 4176 422 4262 Syriam
443 4181 496 4244 oet
509 4180 689 4269 Aeqyptnrn
704 4183 858 4262 accedere
872 4185 1024 4261 andem
1049 4189 1134 4273 qnod
1148 4185 1301 4254 catholici

1 4271 2 4314 ³
101 4281 206 4350 Dnees
223 4283 420 4368 Venetsirrnm
436 4291 652 4376 approbantes
666 4291 801 4356 subditis
815 4291 883 4357 onia
893 4294 1024 4380 pariter
1039 4293 1253 4362 inhibuerunt.

191 4393 281 4475 Quod
308 4395 502 4462 interdictum
534 4397 618 4488 (ipse
644 4397 857 4484 imperatorum
881 4402 1049 4489 ducumque
1079 4403 1202 4470 decreta
1221 4425 1299 4470 non-

1 4555 2 4560 ,
102 4495 170 4562 dum
185 4499 336 4589 vidimus)
354 4501 440 4571 brevi
456 4509 527 4591 post
542 4527 559 4572 u
577 4505 699 4573 Venetis
718 4507 891 4592 neglectum
908 4512 1013 4588 tuisse,
1038 4531 1075 4577 ex
1091 4512 1198 4578 eodem
1215 4511 1300 4577 Dan-

1 4675 2 4702 }
104 4605 169 4672 dulo
185 4609 206 4672 1.
226 4630 253 4674 o.
272 4631 301 4694 p.
324 4611 400 4686 171,
417 4620 555 4700 apparet.

1046 4729 1080 4781 1·
