3120 5078
252 356 330 426 290
530 365 623 418 liceat
636 363 799 418 Brennum
813 379 867 417 ran
882 363 1016 417 Fnaacos
1029 377 1160 415 sanasse.

253 533 372 598 Octauo
394 531 449 596 die
472 530 649 616 Imperator
670 530 837 616 eprediens
847 524 875 611 ¹)
898 547 969 593 eran
990 527 1078 592 XXX
1095 526 1233 591 millibus
1254 525 1394 613 equestrem
1418 533 1450 589 et

249 639 475 706 innumerabili
493 637 696 702 multitudine
713 637 859 724 peditum
881 637 925 701 ad
944 635 1159 700 dimicandum
1182 643 1293 700 cadro
1315 633 1450 698 Lentim

249 749 336 814 acies
359 747 497 811 ordinat.
522 745 589 810 Sed
606 746 757 832 proditor
776 746 847 815 ilie,
874 764 1007 808 cencres
1022 743 1209 808 canaonem
1225 741 1448 812 constantim,

249 857 337 940 infra
364 852 507 938 mures2)
536 863 622 918 retro
649 854 763 918 cedens
787 851 894 916 multia
923 852 1213 916 comminationibus
1238 869 1389 936 papam
1415 849 1451 912 in

252 965 393 1032 erastino
409 971 582 1028 oeaeoerm.
608 961 761 1047 Sequenti
781 967 886 1025 tamen
909 969 1001 1024 necte
1023 961 1161 1024 moeruer
1175 961 1296 1046 effupit.
1322 959 1360 1023 In
1377 979 1450 1023 cra-

250 1075 334 1140 stine
350 1073 460 1138 Latini
474 1072 582 1136 urbem
597 1071 736 1134 uiriliter
750 1069 948 1156 impupnent.
974 1069 1071 1133 Mau
1087 1069 1250 1133 Gallorum
1267 1089 1338 1132 mem
1353 1067 1452 1132 seniis

250 1205 312 1271 per
331 1201 437 1246 mures
459 1181 664 1245 ascendentes
684 1179 769 1242 inter
787 1179 915 1243 Grecos
930 1199 965 1242 se
980 1179 1135 1243 audacter
1153 1177 1450 1263 precipitaverunt,

252 1299 284 1356 et
290 1297 582 1378 mepnamstropcm
590 1287 766 1351 ediderunt.
776 1287 858 1351 Dum
868 1294 972 1350 autem
977 1287 1150 1372 pauciores
1157 1285 1452 1372 comprimerentur,

252 1404 331 1467 Duc
343 1421 412 1467 cum
423 1397 543 1464 Venetis
554 1397 714 1462 amorem
726 1396 899 1481 irrupit,et
909 1395 985 1458 iicet
993 1395 1214 1460 smeeetoisu
1226 1393 1454 1477 debilieJertis

252 1519 358 1576 tomen
371 1517 403 1572 et
414 1509 556 1591 [remens
568 1506 684 1579 animo,
703 1504 805 1568 Gallie
817 1503 1035 1590 pupnontibus
1050 1523 1085 1567 ae
1101 1504 1264 1588 adjacuit.
1282 1509 1315 1568 et
1330 1503 1454 1566 cunctis

252 1617 408 1682 aommme
413 1614 637 1701 prepnantieus,
647 1611 913 1682 recalescentibus
920 1611 1113 1698 praecordiis
1121 1631 1160 1674 ae
1167 1611 1288 1675 viridia
1295 1611 1455 1696 saepiussi

253 1726 372 1811 sepius
391 1723 562 1793 renovatis,
581 1720 853 1785 indescendendo
874 1719 1077 1784 retrocedere
1097 1727 1232 1806 eopnnt,·
1251 1726 1285 1782 et
1304 1719 1454 1793 tamdem

253 1833 377 1898 Gracia
390 1851 433 1896 eu
446 1838 510 1895 teto
524 1829 716 1902 cedentibus,
732 1828 849 1892 civitas
863 1835 959 1914 capto
972 1835 1029 1892 est.
1043 1860 1086 1874 -
1104 1829 1207 1913 Capta
1218 1827 1457 1914 dodatcpatcr

255 1940 466 2008 adolescentis
477 1939 511 2003 in
525 1937 649 2025 palatie
663 1937 855 2012 dominatur,
867 1944 1036 2002 estractus
1047 1957 1092 2001 eu
1104 1957 1244 2001 carcere.
1261 1938 1458 2003 Adolescens
1559 1996 1560 2001 ,

256 2051 378 2115 etiam
386 2049 506 2114 Gracia
514 2048 548 2112 in
555 2047 783 2134 imperatorem
792 2046 928 2133 elicitur.
938 2046 1034 2110 Mane
1043 2047 1131 2128 seete
1139 2047 1456 2131 pertaeperiuntur.

259 2160 365 2224 Greci
380 2159 516 2222 inermes
531 2177 621 2222 auum
637 2163 783 2242 quarunt
802 2157 952 2230 eadum,
974 2155 1032 2239 qui
1045 2161 1111 2218 tom
1127 2154 1161 2216 in
1177 2155 1314 2218 ecclesio
1330 2155 1459 2230 maiori,

259 2287 353 2354 pam
379 2267 414 2330 in
441 2265 569 2352 palatie
600 2263 767 2350 imperiali
792 2263 975 2328 selemniter
1006 2267 1192 2332 coronatur,
1224 2267 1257 2326 ct
1282 2263 1457 2348 premiaco,
1559 2300 1560 2341 ἢ

259 2376 375 2460 adepto
391 2375 539 2460 Imperio,
555 2373 625 2436 sine
635 2391 725 2436 mero
741 2369 879 2435 Francia
894 2371 1056 2456 implevit;
1072 2371 1129 2434 sed
1143 2391 1206 2435 non
1222 2391 1310 2458 aqrie
1328 2372 1458 2446 Venetia,

258 2489 294 2546 ut
309 2483 343 2546 in
360 2503 467 2546 eornm
482 2481 661 2545 continetur
674 2479 819 2544 historie.
844 2477 1042 2542 Francorum
1057 2485 1163 2542 tamen
1179 2478 1315 2543 historia
1331 2487 1461 2554 namot,

260 2592 397 2656 ducenta
424 2589 526 2654 miliia
553 2587 757 2653 marciorum
780 2587 857 2650 data
879 2586 1085 2650 communiter
1106 2587 1243 2651 Francia
1267 2594 1301 2651 et
1326 2587 1459 2652 Venetas.

260 2703 387 2786 Repunt
403 2703 630 2784 consequenter
646 2702 745 2781 pater
760 2701 793 2758 et
804 2694 890 2778 pitius
907 2693 1055 2766 Latinos.
1079 2700 1114 2758 ut
1130 2713 1236 2758 secum
1259 2701 1326 2759 teto
1347 2693 1461 2780 dpeme

257 2809 413 2895 praecima
435 2810 672 2871 commorentur.
705 2805 805 2868 Pacta
827 2803 867 2866 de
891 2802 1069 2866 obedientia
1090 2803 1242 2867 Romanae
1266 2806 1413 2870 ecelesia
1429 2813 1461 2869 et

261 2936 412 2981 succursu
438 2922 533 2978 terroe
559 2920 680 2978 sancta
707 2913 899 2976 innovantur
926 2917 957 2974 et
985 2913 1294 2995 conpianonmr.·-
1325 2912 1462 2978 interim

262 3025 435 3088 instructus
452 3022 655 3109 quidamvir,
675 3019 863 3106 Murcipteus
874 3020 903 3103 ⁸)
927 3019 1070 3090 nornine,
1089 3019 1205 3106 precia
1221 3021 1365 3085 consiliis
1383 3043 1462 3109 erpa

262 3153 398 3220 paenam
420 3131 527 3217 inique
549 3149 662 3215 opens,
689 3136 722 3192 et
744 3128 879 3191 tamdem
902 3127 1016 3191 beilum
1039 3128 1071 3191 ei
1092 3127 1252 3211 inferens,
1280 3136 1405 3195 mortue
1427 3131 1462 3194 in

264 3239 385 3326 belm)
401 3259 521 3327 puero,
543 3237 713 3325 Imperium
728 3237 852 3301 sibimet
867 3237 1021 3302 oiolemer
1036 3237 1194 3302 assumsit.
1218 3235 1321 3301 Antea
1339 3258 1464 3326 quoque

290 3454 317 3526 ¹)
339 3452 448 3508 Mutat:
468 3451 534 3506 cod.
548 3451 667 3506 Ambrae.
681 3451 771 3504 addit:
791 3452 905 3522 aperto
915 3449 1279 3522 eenamcenam
1293 3448 1333 3504 nd
1345 3455 1464 3524 por-tan

342 3541 537 3597 Bioneieenam
548 3555 630 3594 cum.
646 3577 652 3593 .
667 3577 673 3594 .
688 3539 737 3594 Ubi
749 3539 775 3594 le
795 3540 1052 3594 eBtaehernem.

289 3631 319 3704 ²)
337 3633 445 3686 Murci:
460 3632 485 3684 in
499 3630 592 3685 codiee
602 3629 721 3684 Ambrae.
734 3557 794 3684 ὴωξ
804 3629 944 3694 adduntur,
958 3629 1029 3683 taeta
1042 3627 1150 3691 monito,
1164 3628 1215 3684 iata
1228 3629 1343 3702 reperiri
1356 3635 1461 3688 tantum

338 3721 363 3776 in
376 3721 468 3776 codice
482 3719 645 3774 contareno:
671 3719 771 3775 Veneti
787 3722 854 3774 tanc
869 3719 961 3774 Gallis
972 3737 1002 3774 se
1009 3719 1150 3790 junpunt,
1171 3723 1199 3774 et
1217 3739 1257 3776 nn
1269 3719 1466 3776 dimicandu

339 3815 422 3872 esset,
442 3827 480 3864 on
497 3809 578 3866 intre
595 3813 688 3865 costra
706 3815 734 3864 et
751 3807 859 3864 vatum
874 3809 1114 3880 permanendum,
1137 3809 1307 3866 consultant.
1330 3809 1468 3868 Andreas

339 3899 553 3964 Moranuanua,
571 3901 751 3974 fortissimae
771 3916 869 3974 eques,
888 3900 1002 3964 assedet,
1016 3919 1034 3953 a
1047 3899 1158 3972 proelia
1171 3899 1384 3966 abstinendum,
1404 3921 1468 3958 eum

338 3993 404 4064 equi
414 4007 532 4046 suerum
545 3995 572 4046 ot
583 3990 772 4062 marijoetati
783 3995 811 4046 et
822 3991 911 4045 macie
924 3991 1048 4062 confecti
1058 3992 1125 4053 sint,
1139 3994 1167 4046 et
1179 4005 1264 4064 auam
1276 3992 1376 4062 piures
1388 3995 1466 4049 irate-

338 4083 452 4137 ricrint.
474 4083 561 4138 Gaias
574 4082 691 4138 coneilio
704 4099 768 4136 curn
780 4100 875 4138 amnes
887 4083 1079 4145 asaemisaent,
1098 4083 1178 4138 intro
1196 4082 1306 4138 acuon
1324 4101 1391 4140 eum
1402 4085 1464 4142 bel·

339 4173 458 4228 iisturiis
470 4172 512 4228 ite
523 4189 553 4228 ae
565 4174 652 4229 tutati
663 4177 735 4236 eunt.
753 4179 785 4231 ut
799 4174 894 4232 Greci
906 4193 937 4230 re
949 4173 1057 4247 infecta
1069 4173 1149 4228 intra
1162 4173 1259 4228 urbem
1270 4173 1423 4232 redierint.

294 4261 323 4334 ³)
343 4265 452 4318 Mareia
466 4264 492 4316 in
506 4264 864 4318 conmercationum:
883 4264 958 4319 hune
969 4263 1023 4318 etii
1034 4261 1238 4336 Morsiiepaum
1249 4263 1418 4338 appeliant,
1439 4269 1465 4320 st

343 4353 580 4424 censanpainenm
599 4352 696 4409 auoit
715 4353 843 4427 sedunt,
863 4357 1022 4409 eatreetum
1035 4370 1051 4408 e
1062 4371 1174 4408 earcere
1190 4357 1218 4408 et
1235 4355 1270 4408 ab
1288 4355 1351 4428 ipso
1363 4353 1465 4412 Aleria

341 4442 471 4499 comitem
485 4445 515 4498 in
529 4445 655 4516 Imperio
666 4443 784 4515 foetum

278 4521 323 4602 ¹⁸)
343 4531 407 4601 Lag.
426 4532 620 4604 imbellisi).
