3110 5076
279 311 356 382 208
743 325 860 380 Psoron
874 325 990 380 tossen.

278 495 325 562 eis
352 493 409 564 tint
434 517 543 565 rerum
569 517 701 578 eorum,
729 519 810 587 que,
836 519 898 567 eeu
925 497 1075 589 superius
1100 495 1300 566 notificatum
1323 498 1394 574 eat,
1420 513 1459 560 ex

277 620 494 712 promissione
518 620 612 691 reddi
632 620 759 714 quidem
780 621 957 706 debebant,
986 645 1050 693 non
1070 628 1179 693 autern
1197 618 1460 714 reperiebantur,

278 755 312 818 et
336 747 379 818 ob
405 747 469 818 boo
497 771 587 819 suam
613 748 828 820 redditionem
853 749 938 820 inter
966 749 1164 844 inpossibilia
1189 746 1367 841 ponebant.
1397 743 1463 838 Ipsi

277 883 385 946 autem
411 876 544 946 multum
569 876 727 946 babentes
751 877 909 963 studium,
936 901 995 948 sue
1014 884 1103 950 terre
1122 876 1303 972 protieuum
1322 875 1462 944 inuene-

277 1009 362 1074 runt.
400 1002 444 1072 nt
467 1001 693 1073 habundanter
718 1009 832 1074 nostre
859 1005 1043 1099 supplicant
1067 1003 1235 1076 serenitati
1261 1025 1362 1094 super
1386 997 1465 1090 hijs,

241 1106 242 1109 Ἴ
279 1151 342 1222 que
368 1127 410 1198 nd
435 1129 705 1200 restaurationem
734 1129 794 1200 sibi
819 1131 888 1201 fieri
919 1131 1051 1214 uolunt,
1079 1139 1112 1202 et
1130 1132 1215 1225 parti
1234 1127 1374 1198 Venetis
1393 1125 1464 1196 dari

277 1263 421 1349 poscunt
443 1279 504 1350 per
526 1254 688 1326 embolum
713 1263 748 1326 et
774 1281 834 1349 per
860 1257 1057 1351 pensionalia
1083 1266 1117 1329 et
1141 1257 1249 1328 sosias
1274 1253 1466 1332 maritimas,

280 1381 408 1452 embolo
426 1382 550 1476 pridem
569 1383 609 1453 nb
634 1383 696 1476 hijs
720 1383 830 1454 habito
850 1384 1056 1470 adiacentes,
1082 1376 1271 1475 aunuum)
1296 1381 1468 1452 introitum

278 1508 430 1578 librorum
449 1531 683 1602 yperperorum
702 1511 945 1604 quinquaginta.

369 1637 413 1706 Et
440 1643 552 1708 nostra
583 1637 635 1731 pia
669 1637 882 1731 tranquillitas
910 1636 1094 1708 huiusmodi
1123 1659 1238 1708 eorum
1267 1633 1471 1729 peticionem

282 1763 369 1834 nullo
397 1763 494 1834 modo
519 1765 637 1834 renuit.
674 1765 872 1856 Quamquam
899 1765 983 1834 enirn
1009 1787 1113 1858 graue
1137 1762 1321 1835 eelsitudini
1351 1769 1472 1832 nostre

282 1891 422 1974 uidetur,
449 1890 649 1962 latitudinem
678 1892 760 1962 inira
789 1914 938 1985 magnam
968 1892 1080 1963 urbem
1107 1890 1262 1986 gentibus
1290 1888 1471 1969 exbibere3

282 2025 518 2099 uerumtamen‚
534 2017 607 2108 quia
622 2039 686 2087 non
701 2025 736 2088 ut
750 2016 961 2110 alienigenas,
977 2018 1074 2087 immo
1089 2025 1125 2088 ut
1139 2016 1331 2112 aborigines
1346 2017 1473 2086 Roma-

283 2169 344 2216 nos
369 2167 474 2237 genus
499 2143 726 2216 Venetieorum
756 2151 867 2214 nostra
897 2146 1059 2215 serenitas
1089 2151 1237 2238 reputat,
1275 2149 1473 2236 tantumque

283 2295 343 2364 pro
363 2270 518 2340 Romania
538 2269 660 2353 dolent,
686 2278 838 2364 quantum
864 2280 898 2340 et
923 2271 984 2365 ipsi
1003 2271 1151 2350 Romani,
1179 2277 1371 2360 tantamque
1392 2291 1475 2361 erga

283 2421 352 2468 eam
368 2398 489 2468 habent
503 2396 722 2479 deustionem,
734 2403 883 2491 quantam
899 2409 1028 2490 storga
1043 2407 1253 2492 terramque
1271 2419 1331 2466 eos
1351 2394 1473 2478 emisit,

284 2548 350 2596 non
375 2525 422 2594 eis
448 2530 583 2605 tantum,
610 2531 762 2615 quantum
781 2517 987 2616 Romanie²)‚
1013 2524 1199 2594 donandum
1225 2547 1302 2593 esse
1328 2521 1474 2602 uidetur,

284 2657 438 2744 quantum
457 2640 572 2740 eum³)
593 2649 640 2718 eis
659 2647 840 2741 largiatur?
869 2649 1079 2742 Quapropter
1097 2655 1133 2720 et
1158 2655 1271 2720 nostra
1297 2645 1474 2718 elementia

283 2777 374 2850 iubet
391 2783 450 2870 pe'r
468 2799 606 2870 presens
624 2775 855 2869 obrysobulnm
874 2777 1029 2858 uerbum,
1053 2775 1174 2847 habere
1195 2776 1376 2846 Venetieos
1397 2773 1475 2844 uni-

285 2927 380 2974 uersa
400 2904 472 2987 alia,
493 2927 594 2996 quea
613 2904 735 2995 nuntijs
754 2926 868 2973 eorum
885 2903 1050 2996 postulata
1068 2913 1158 2986 sunt,
1178 2905 1335 2996 ipsosque
1354 2901 1476 2972 embu·

284 3032 335 3102 los
352 3031 614 3102 Allernnnnorum
632 3037 667 3101 et
684 3033 958 3124 Franeigennrum
978 3037 1012 3101 et
1031 3032 1207 3102 maritimas
1222 3053 1338 3101 eorum
1353 3029 1477 3112 scalas,

250 3217 254 3226 .
286 3183 350 3253 que
365 3159 396 3228 in
410 3159 574 3252 presentis
586 3141 837 3251 gramstieorum
851 3165 965 3230 nostre
980 3159 1177 3239 serenitatis,
1188 3157 1395 3230 Constantini
1407 3157 1477 3228 Pe·-

286 3280 450 3378 diadite*)
462 3293 495 3356 et
504 3285 673 3358 clarissimi
687 3285 986 3379 protonobillissimi
1003 3285 1132 3358 Niobite
1146 3285 1317 3368 Valianite‚
1328 3286 1370 3355 ab
1380 3283 1476 3356 aede-

285 3415 438 3483 simotato
454 3413 669 3483 Constantino
684 3414 828 3483 Potriota
841 3435 902 3505 per
920 3404 1142 3506 praetieum⁴)
1163 3414 1210 3482 eis
1234 3407 1354 3483 tradita
1375 3417 1477 3492 sunt;

287 3539 374 3633 qnod
385 3538 485 3610 debet
493 3537 704 3608 corroborari
719 3538 846 3632 quidem
857 3561 918 3632 per
928 3539 1236 3634 superscriptionem
1246 3529 1478 3632 panseuasti⁵)

313 3691 849 3764 ¹)anninniusLP.;inLA.eom·
930 3691 1182 3763 ⁵)panseuasti
1230 3690 1359 3747 seuasti
1409 3689 1480 3752 LP.;

360 3781 492 3854 pendium.
977 3783 1251 3854 suprascriptum
1292 3783 1480 3855 prothoas-

313 3871 342 3942 ¹¹)
362 3871 512 3926 Romanis
532 3873 565 3926 u.
978 3879 1106 3927 uastum
1120 3877 1152 3926 st
1171 3876 1319 3927 nostrum
1333 3871 1481 3927 inmitia-

314 3961 343 4031 Ι)
362 3961 850 4033 quantumcumquebt.LP.Bene.
978 3979 1041 4016 rem
1061 3963 1194 4018 brebie.
1213 3967 1265 4017 eto.
1287 3965 1319 4016 n.

313 4050 343 4124 ⁴)
362 4051 566 4106 nobilissimi
587 4053 618 4106 N.
638 4051 852 4106 Vaiionissas
1314 4045 1316 4050 ’

362 4145 395 4196 et
422 4142 452 4197 G.
489 4143 641 4212 patriota
668 4160 725 4214 per
751 4142 853 4213 prati·

363 4249 431 4287 eum
449 4231 482 4284 n.

327 4323 357 4396 ⁵)
377 4323 407 4378 ni
425 4324 584 4393 grammatici
603 4331 775 4382 memorantur
793 4325 869 4380 etiem
885 4326 911 4380 in
928 4326 1108 4398 chrysoboliio
1122 4327 1215 4382 transii
1229 4327 1294 4399 lmp.
1308 4329 1343 4384 sd
1357 4329 1481 4393 Pisanos,

375 4413 510 4468 Bnebon
529 4414 687 4470 rseberehes
704 4415 736 4480 ΙΙ,
756 4415 781 4477 1,
799 4433 861 4487 pag.
875 4417 910 4472 20
928 4415 965 4471 ita
981 4415 1095 4488 'seriptir
1114 4417 1380 4474 a.-.Pediatits
1400 4421 1482 4477 Gon-

376 4504 588 4560 stantino...
603 4507 670 4558 et..
687 4543 693 4559 .
709 4523 723 4558 a
737 4543 743 4558 .
758 4505 1019 4560 ..Constantino
1038 4507 1185 4564 Petiots.
