3130 5082
511 397 627 454 Psoron
643 399 816 464 Wsnnonor,
1200 391 1245 462 81

66 566 197 654 ranpuis
215 573 267 630 eet
291 567 422 653 effitsus,
445 573 479 630 ut
502 587 592 652 apsa
613 573 644 632 et
664 567 750 632 atris
764 568 917 632 elementa
933 573 1086 653 corrupto
1104 566 1186 631 sint:
1207 565 1253 630 ibi

70 675 247 740 Tuscorum
269 675 457 762 capitaneus
480 675 600 740 occisus
622 683 678 752 cst,
703 675 847 740 nonnulli
861 695 934 740 vero
953 676 1034 760 supa
1050 675 1153 760 elapsi
1167 679 1249 738 sust.

73 785 175 849 Veneti
196 805 319 872 quoque
338 805 533 872 nequaqnam
554 784 698 850 eoottinuo
719 785 854 860 redime,
876 785 936 848 set
951 803 1061 850 versus
1076 783 1252 870 Aeppptum

68 895 293 980 praemiss,
316 893 346 958 si
364 896 451 977 sorte
472 893 608 958 inimicis
625 892 799 958 Christiani
821 894 955 958 nominis
970 911 1084 956 nocere
1099 892 1253 964 valerent,

68 1023 167 1088 usqae
186 1002 234 1066 acl
252 1001 410 1066 civitatem
436 1001 543 1068 Mrim
568 1001 771 1088 nuvipontes,
799 1004 904 1068 decem
937 999 1129 1068 Turonorum
1155 1019 1251 1064 noves

70 1112 238 1198 reperienti
253 1115 381 1176 onustum
395 1111 550 1202 mercibus
555 1131 569 1184 ,·
584 1131 718 1197 quonum
728 1111 853 1196 prasio,
871 1108 1049 1194 intersectis
1065 1107 1250 1178 bominibus,

70 1220 166 1284 ditati
178 1229 263 1286 ouon.
286 1221 356 1286 Hoc
370 1221 478 1286 avalim
495 1220 626 1284 bormses
642 1227 674 1286 et
683 1221 817 1306 prelati
829 1220 960 1284 nuncios
975 1218 1020 1282 ad
1039 1219 1158 1282 Discern
1178 1216 1249 1280 mt-

71 1335 138 1394 tant
153 1337 304 1418 repentes
315 1337 389 1416 post
403 1327 636 1404 salutationem,
661 1335 695 1392 at
710 1349 779 1393 cum
795 1329 943 1394 nobilivon
959 1327 1105 1392 comitiva
1119 1326 1250 1391 Jerusa·

71 1439 128 1502 lem
150 1439 271 1504 vestiat.
294 1437 345 1504 lbi
363 1461 384 1504 o
407 1437 527 1504 monis
546 1437 660 1520 sertim
675 1438 856 1524 concipitur.
880 1435 1150 1524 Interropcntibut
1166 1455 1249 1504 vero.

72 1549 99 1611 si
111 1554 210 1612 teo-rev
224 1555 343 1612 souma
357 1545 533 1612 subvmeire'
542 1547 717 1610 intenderet
737 1545 887 1633 bellisque
901 1545 1079 1610 Saracenos
1101 1551 1249 1614 attmere.

72 1656 128 1722 boc
142 1659 196 1722 sai
210 1655 374 1742 respondit
389 1677 456 1719 csse
467 1655 627 1740 propositi
641 1677 829 1742 cuneumque
844 1655 1006 1720 adventus.
1028 1655 1114 1718 Tune
1128 1652 1250 1716 demum

70 1773 155 1832 terra
170 1766 315 1852 marique
334 1765 447 1850 tyrum
463 1763 606 1828 obsidere
619 1763 799 1851 disponunt.
826 1765 1019 1830 Conveniunt
1039 1783 1159 1850 quoque
1181 1781 1250 1824 cnm

70 1877 157 1942 Duce
173 1875 309 1940 barones
323 1874 357 1938 in
372 1871 578 1956 Ptolomapda
590 1873 675 1942 urbe.
691 1880 726 1938 at
741 1874 774 1938 in
790 1874 874 1938 omni
888 1874 972 1944 urbs,
991 1893 1083 1960 quam
1099 1875 1252 1956 caperent

74 1984 185 2053 Vesveti,
202 2004 300 2048 unam
315 2003 426 2070 nepam
441 1981 574 2068 quietam
591 1987 621 2046 et
632 1983 779 2066 francum
796 1983 942 2056 babeant,
965 2001 1058 2048 unum
1074 1978 1250 2046 eeclesiam.

71 2115 163 2157 mum
184 2094 344 2164 balneum,
368 2113 462 2158 unum
484 2089 654 2162 clibanum,
675 2092 840 2180 omniaque
860 2113 918 2158 meu
941 2091 1041 2156 libera
1065 2097 1096 2154 et
1118 2091 1247 2172 fronca,

70 2203 148 2268 sicat
162 2204 257 2278 Item
275 2203 310 2266 in
324 2199 529 2284 Ptolomapdv
544 2220 665 2286 quoque
675 2203 785 2286 fucere
801 2203 928 2266 vomunt
943 2200 1108 2274 clibanum,
1131 2197 1250 2260 molen-
1284 2264 1288 2280 ⁸

3 2377 5 2400 y
70 2313 186 2384 onan,
196 2313 350 2384 balneum,
361 2328 525 2374 mensurus
536 2307 632 2380 bladi,
649 2309 716 2372 vini
726 2315 756 2374 et
768 2309 848 2388 olei,·
864 2309 968 2374 omnic
981 2310 1044 2374 isto
1056 2307 1122 2372 illis
1138 2307 1248 2373 libera.
1287 2310 1294 2380 ¹,

3 2405 4 2464 ἕ
70 2421 148 2487 sictut
172 2428 205 2486 et
226 2421 307 2507 nep·
321 2438 468 2484 concessu
491 2422 572 2480 eant.
596 2417 646 2482 De
664 2419 747 2503 Pyro
769 2439 888 2506 quoque
909 2417 1072 2482 annuutim
1094 2421 1250 2480 trecentos
1294 2398 1296 2407 ¹

70 2531 232 2594 Rivaostios
243 2529 277 2592 in
285 2531 366 2612 sesto
374 2526 585 2613 apostolorum
597 2527 685 2590 Petri
696 2535 727 2592 et
737 2527 832 2594 Pauli
843 2527 883 2592 de
889 2527 1010 2612 sontico
1022 2525 1097 2593 duri
1109 2524 1146 2611 (Ι.
1158 2519 1248 2607 dore)

2 2651 3 2712 l
70 2638 188 2704 deberit
213 2639 257 2704 Et
270 2637 300 2702 si
318 2637 444 2702 Venetus
460 2655 528 2699 mem
548 2635 654 2700 Veneto
670 2657 798 2702 eausam
810 2636 965 2708 habuerit.
982 2635 1152 2702 secundum
1164 2633 1250 2719 ipso·

2 2767 3 2812 n
72 2769 137 2812 rum
152 2767 270 2812 onorem
286 2752 316 2810 et
328 2745 488 2831 justitiam
504 2743 711 2828 judicabitur.
731 2745 893 2812 Civitatem
908 2746 1001 2810 ctiam
1016 2743 1095 2830 Tyri
1109 2749 1140 2806 et
1151 2741 1249 2806 Asca

73 2857 156 2928 lona,
172 2858 204 2922 si
217 2878 272 2921 eus
289 2855 364 2942 copi
378 2853 547 2940 continpat,
563 2854 690 2920 tertiam
699 2861 828 2940 portem
843 2855 996 2942 repuliter
1011 2859 1042 2918 et
1057 2853 1155 2916 libere
1170 2850 1248 2916 obti-

2 2973 5 3108 p
73 2967 202 3044 munt,
229 2967 311 3030 sieut
331 2965 403 3028 Rea
426 2963 509 3026 olias
530 2961 619 3026 duos.
654 2963 862 3028 Vemvntcmen
888 2963 923 3028 in
949 2961 1129 3048 desursibus
1156 2966 1251 3024 terra

2 3111 3 3170 3
75 3082 197 3151 mnctoe,
213 3074 382 3152 secandum
395 3073 477 3159 qaod
487 3070 591 3136 terties
605 3073 709 3158 portis
724 3072 865 3136 redditum
877 3071 1096 3138 convenienter
1111 3071 1251 3134 tolerare

2 3205 3 3242 3
71 3190 204 3268 possent,
220 3183 255 3247 in
272 3203 431 3248 commune
445 3178 605 3244 omilium
621 3181 715 3272 blopis
731 3181 911 3266 defensores
926 3179 1042 3246 babere
1054 3179 1248 3245 tenebuntur.

75 3291 211 3356 Fuerunt
227 3299 258 3356 et
272 3293 346 3358 olioe
363 3288 587 3356 convenientior
607 3296 738 3368 monom-
759 3291 816 3354 sed
830 3289 898 3354 ista
913 3290 1092 3378 inscriptis
1111 3289 1250 3354 reductu

76 3407 103 3463 et
121 3401 237 3488 sipillis
257 3403 463 3488 prelatorum
484 3417 522 3462 cc
543 3398 692 3462 baronum
707 3399 834 3462 munita
849 3420 889 3464 ac
902 3400 1086 3482 juramento
1105 3400 1248 3482 firmatos.

76 3509 321 3598 Adjunctumque
336 3491 391 3585 est,
408 3508 491 3598 quod
505 3507 655 3572 liberatem
670 3507 710 3572 ce
726 3529 855 3574 carone
869 3509 943 3572 Rev
958 3515 1013 3574 aut
1028 3507 1114 3572 illius
1129 3525 1251 3572 succes-

77 3619 197 3684 sorluec
209 3621 314 3684 omnio
326 3620 542 3704 confimnobit,·
555 3619 638 3706 quod
646 3618 676 3682 si
683 3621 795 3701 facere
803 3617 949 3692 noluerit,
959 3638 1020 3704 pro
1032 3618 1117 3704 Repe
1130 3635 1248 3700 nequo·

77 3729 342 3814 paombnbebitur.
355 3730 436 3794 Idem
450 3749 515 3812 esp.
528 3729 567 3792 12
576 3726 623 3814 (p.
636 3723 734 3811 160):
749 3727 884 3792 Civitote
891 3723 1008 3811 (Tyro)
1022 3724 1250 3819 ipiturperde-

77 3839 367 3926 bitionemaecepto‚
380 3841 414 3904 in
420 3839 725 3926 turribusponnntur
730 3838 853 3902 revilla
859 3859 869 3899 :
882 3835 1098 3926 primollepis.
1111 3835 1247 3900 secundo

82 3947 267 4014 leonianum
283 3951 391 4021 Ducis,
409 3950 501 4014 tertio
517 3948 709 4038 Tripolitani
717 3948 853 4020 Comitis,
865 3947 1137 4013 MCXXqultimo
1148 3945 1246 4012 lunii.

159 4059 394 4124 Pulcherins
411 4058 669 4122 carnotensis
694 4057 723 4120 in
749 4055 851 4120 Gestis
874 4057 1128 4140 peregrinantium
1150 4055 1248 4118 Fran-

2 4179 3 4198 *
80 4185 172 4230 eorum
189 4189 255 4252 cap.
273 4167 346 4232 LlV.
366 4166 476 4254 (Gesta
493 4166 543 4230 dei
559 4187 614 4252 per
629 4165 763 4230 Francos
779 4165 826 4230 ed.
844 4166 991 4246 Bongors.
1010 4165 1045 4228 T.
1063 4165 1085 4238 l,
1102 4187 1131 4252 p.
1145 4162 1249 4249 436):

2 4263 3 4342 Ῑ
81 4276 160 4340 Anno
184 4299 204 4341 v
225 4278 349 4342 domino
371 4279 449 4342 lesu
471 4275 594 4340 Cbrtsto
615 4283 690 4340 noto
717 4274 880 4340 millesimo
907 4275 1074 4340 centesimo
1102 4273 1250 4360 vipesimo

82 4395 181 4468 panno
198 4383 334 4473 (tertio),
360 4407 429 4452 eum
449 4385 557 4450 natole
579 4383 748 4450 salvatoris
771 4390 835 4448 tom
855 4383 890 4448 in
905 4383 1081 4456 Retbleem,
1107 4403 1200 4470 moon
1216 4383 1251 4448 in

2 4539 3 4548 κ
82 4491 256 4570 Jerusalem,
267 4500 304 4558 ut
313 4495 428 4567 tecum
439 4495 690 4568 celebrassemus,
703 4492 755 4557 cui
766 4493 942 4558 celebritati
951 4493 1030 4556 Dua
1042 4491 1250 4557 Veneticovum

82 4621 142 4664 omn
165 4603 231 4668 suis
254 4603 374 4668 devotis
395 4603 554 4688 interfuit,
578 4603 792 4688 confirmatum
815 4607 861 4666 est
881 4601 1035 4668 communi
1055 4607 1086 4665 et
1106 4602 1251 4688 proluita

110 4709 198 4758 ronna.
215 4711 262 4757 xn.
1018 4709 1035 4764 6
