3110 5080
436 301 556 356 Psoron
570 299 671 355 Aunsm
685 314 723 352 nr
736 297 922 354 venenosum.
1193 275 1269 350 407

171 473 341 568 Rogamus
354 471 455 566 igitur
473 470 674 566 imperialem
694 468 928 554 excellentiam,
948 492 1128 558 monemus,
1149 501 1273 550 oonsu-

74 599 176 672 limus
191 607 227 672 et
240 600 420 684 hortamur,
441 607 614 694 quatenus,
634 597 787 692 quioquid
801 598 964 692 superbis
979 600 1109 676 duxeris
1124 613 1273 678 statuen-

75 729 170 814 dum,
190 727 347 822 operibus
361 729 456 800 nobis
471 735 505 799 et
522 749 588 799 non
602 726 712 798 verbis
725 727 891 798 dumtaxat
904 727 1038 802 studeas
1052 734 1273 828 respondere;

76 857 158 950 quvis
184 879 246 928 nos
270 855 496 939 dilectionem,
523 877 619 948 quam
637 854 737 948 adte
760 853 936 938 babemus,
962 857 994 926 in
1015 880 1116 953 opere
1136 859 1273 932 demon-

75 990 192 1056 strare
211 985 394 1073 curavimus
413 990 448 1054 et
466 984 597 1055 edoctu.

172 1109 399 1205 Disposuimus
413 1117 522 1181 autem
536 1115 684 1180 nostrum
698 1116 836 1203 propter
849 1109 915 1180 boo
928 1112 1073 1184 nuntium
1087 1113 1272 1196 destinare;

76 1237 136 1332 qui
162 1238 191 1308 si
218 1237 306 1310 forte
334 1237 529 1318 tardaverit,
557 1243 593 1308 tu
617 1243 725 1308 tannen
748 1257 815 1308 non
833 1237 945 1310 tardes
964 1263 1064 1334 super
1081 1239 1147 1312 boo
1165 1241 1272 1327 nobis,

76 1367 168 1436 siout
188 1365 341 1458 expedire
360 1364 569 1458 cognoveris,
588 1363 805 1458 respondere.

171 1491 289 1564 Datum
308 1491 467 1575 bimam,
491 1489 560 1562 XVI
579 1491 643 1562 irat.
663 1487 865 1563 Decembris.

650 1636 703 1708 lc.

76 1762 200 1826 Μιι
214 1759 325 1842 nunu,
350 1761 457 1826 tutasti
473 1761 545 1843 inp.
562 1759 634 1841 our,
658 1763 689 1824 ot
704 1759 879 1824 teretem
901 1760 938 1824 de
960 1763 1164 1846 recuperando
1180 1781 1273 1844 regno

626 1868 734 1932 timeo.

512 1975 543 2027 Α.
557 1971 583 2028 d.
596 1973 675 2028 1202.
695 1971 835 2028 tatere.

171 2077 341 2142 Andreas
358 2075 553 2141 Dandulus
569 2075 589 2140 Ι.
600 2097 628 2140 o.
641 2095 709 2160 pag.
724 2075 799 2148 321,
813 2095 883 2160 pars
895 2075 1023 2146 xxvtn.
1036 2075 1178 2142 chronio.
1193 2077 1270 2142 Gali.

78 2186 148 2250 eod.
163 2185 280 2288 Monac.
294 2206 358 2249 nro.
374 2185 428 2256 52.
444 2185 497 2250 tol.
510 2183 564 2249 46.
581 2183 641 2258 tv;
658 2204 713 2248 seu
731 2203 821 2270 supre
838 2205 868 2268 p.
887 2185 961 2250 339.
987 2185 1113 2282 tnnoo.
1130 2187 1167 2252 ΙΙΙ
1183 2188 1271 2271 epist.

77 2295 132 2360 lib.
151 2293 200 2366 Vt,
218 2315 266 2380 ep.
284 2293 410 2367 xnvln,
428 2293 475 2358 ed.
493 2291 513 2356 l.
531 2293 568 2356 Τ.
585 2291 610 2365 1,
626 2311 656 2376 p.
674 2292 750 2358 tou.

664 2423 701 2496 O.

322 2551 511 2616 tanseunttus
527 2549 569 2614 ΙΙΙ
586 2549 729 2615 exercitui
746 2549 1028 2632 truoestgnutorun.

490 2675 539 2740 De
555 2676 704 2764 captione
719 2675 855 2740 dodorus.

593 2784 624 2838 A.
637 2784 664 2838 d.
678 2783 758 2838 teos.

170 2885 393 2949 innocentii
415 2885 502 2968 Pape
525 2883 562 2948 ΙΙΙ
585 2884 704 2968 epistol.
722 2883 790 2948 libr.
809 2881 845 2958 V,
863 2903 911 2968 ep.
930 2881 1031 2955 CLXI,
1057 2885 1104 2949 ed.
1122 2884 1160 2948 do
1179 2885 1272 2951 urs-

77 2995 225 3080 quignp
243 2993 278 3058 Τ.
297 2993 323 3068 1,
352 3015 383 3078 p.
401 2993 477 3058 230.
504 2991 577 3082 [Ed.
595 2992 695 3058 Batou.
713 2995 749 3058 Τ.
767 2993 794 3066 1,
819 3013 849 3076 p.
868 2989 961 3082 ott]
985 2991 1048 3056 Nos
1070 2995 1099 3056 in
1121 2993 1170 3058 bis
1187 2999 1219 3058 et
1240 2995 1272 3058 in

76 3125 163 3191 seqq.
180 3103 265 3189 plura
282 3103 418 3190 carptim.
444 3101 506 3168 cfr.
523 3102 712 3188 Raynaldi
729 3123 797 3168 ann.
816 3102 891 3168 ecel.
910 3123 936 3166 a.
958 3102 1055 3175 1203,
1072 3104 1105 3188 ξ.
1122 3099 1153 3166 4.

171 3236 326 3307 Dolemus
352 3258 418 3308 non
443 3235 605 3308 modicum
630 3242 664 3308 et
687 3257 853 3308 movemur
880 3287 888 3304 .
916 3287 924 3304 .
951 3287 959 3306 .
995 3235 1075 3308 Cum
1103 3235 1270 3328 fugientes

78 3368 266 3458 Aegyptum
285 3365 441 3434 festinare
459 3363 655 3436 debuissetis
669 3363 709 3434 ad
724 3369 846 3434 terram
865 3361 958 3434 melle
977 3384 1017 3434 ae
1033 3361 1120 3434 lacte
1134 3383 1270 3434 manan-

78 3501 159 3572 tem,
179 3497 329 3564 errantes
348 3490 389 3562 ad
408 3490 617 3562 solitudinem
636 3489 824 3570 divertistis,
845 3467 921 3573 ubi,
931 3488 1129 3560 reducentes
1144 3489 1185 3560 nd
1200 3490 1271 3560 ani·

79 3643 185 3703 mum,
210 3618 349 3713 qualiter
372 3619 404 3688 in
422 3616 577 3712 Aegypto
603 3639 703 3710 super
721 3616 804 3688 ollas
829 3615 974 3687 earnium
999 3613 1179 3698 sederatis,
1205 3637 1271 3686 non

78 3749 187 3820 solum
206 3746 356 3818 esuristis
375 3745 448 3816 attia
468 3751 503 3816 et
520 3767 693 3838 pepones„
707 3743 766 3816 sed
785 3743 965 3816 fraternum
985 3742 1178 3838 sangninem
1198 3741 1270 3812 siti-

79 3875 172 3946 vistis
198 3927 205 3944 ·
233 3926 241 3942 ·
270 3927 278 3944 ·
314 3871 498 3945 Attendens
523 3871 682 3966 siquidem
708 3871 779 3965 ipse
805 3869 912 3940 hostis
940 3872 1108 3961 antiquus,
1138 3869 1191 3962 qui
1221 3876 1272 3940 ost

79 4001 239 4074 Diabolus
266 4055 274 4072 .
301 4053 311 4071 .
337 4053 346 4070 .
372 4008 487 4072 eontra
509 3999 630 4070 iratres
654 4005 783 4070 vestros
808 3995 925 4068 betium
945 4019 1077 4067 movere
1098 4019 1157 4068 vos
1176 3995 1269 4079 feeit,

80 4137 115 4202 et
133 4131 229 4224 signa
246 4134 357 4210 vestra
375 4129 512 4222 primum
531 4133 646 4200 oontm
666 4126 780 4204 fideles
798 4124 940 4220 populos
959 4123 1132 4218 explicare,
1153 4129 1270 4218 quate-

80 4281 143 4328 nus
167 4257 216 4328 sio
242 4232 275 4328 ei
296 4257 572 4350 peregrinationis
595 4261 712 4328 vestro
739 4253 912 4326 solveretis
937 4252 1113 4357 primitias,
1144 4259 1177 4324 et
1204 4258 1270 4324 tam

81 4392 237 4468 vostrum,
266 4407 361 4476 quam
384 4384 520 4455 fratrum
544 4391 727 4454 vostrorum
747 4381 938 4475 sanguinem
953 4379 1166 4450 'Daemonibus
1192 4380 1269 4450 tun-

82 4513 216 4584 deretis.
