3148 5080
186 396 349 452 [homost
363 397 541 452 Vulturnum!
555 411 591 449 ult
604 411 775 452 ΑΙΒΟΘΑΝΒΟ
789 383 989 452 HANGll'lOBUM
1004 407 1179 448 counitum.
1237 380 1281 452 21

92 569 285 662 captiuitate
316 591 352 638 se
376 565 537 638 redimere
552 566 689 650 debeat,
718 573 774 638 aut
792 589 853 662 pro
872 567 929 638 tali
948 587 1063 648 consa,
1089 563 1176 636 uude
1195 563 1288 634 dam·

90 686 205 786 num¹)
225 695 401 766 adcrescat
419 693 451 762 iu
470 692 587 787 patria,
608 698 665 763 aut
683 715 744 788 pro
765 715 863 764 causa
882 691 1003 788 palatii.

180 821 377 892 Similiter
394 825 503 890 autem
522 824 705 890 statuentes
724 819 907 904 statuimus,
927 825 963 892 ut
981 817 1088 890 nullus
1108 815 1285 890 Venetieus

90 948 132 1018 de
156 949 307 1042 quohlret
325 949 435 1018 Greeo
463 945 595 1016 homine
621 946 675 1016 uel
697 953 788 1018 terra
810 947 1009 1032 Beneuenti,
1038 952 1095 1018 aut
1114 945 1156 1016 de
1175 937 1285 1036 aliis²)

87 1073 170 1144 locis
184 1075 333 1168 precium
346 1074 464 1145 tollere
479 1078 647 1167 presumat
659 1079 797 1167 propter
809 1073 967 1168 mancipia
981 1073 1058 1144 illuc
1072 1070 1233 1166 portanda
1240 1063 1285 1162 ³).

178 1199 279 1272 Aliud
287 1192 321 1293 ⁴)
348 1207 456 1272 autem
483 1201 548 1271 hoc
570 1200 688 1270 malum
709 1207 742 1270 et
763 1201 950 1270 inusitatum
974 1199 1094 1270 uicium
1120 1199 1153 1268 in
1172 1202 1287 1280 nostra

88 1319 234 1418 creuit')
254 1328 377 1421 patria,
407 1327 481 1421 quia
502 1325 609 1397 nostri
635 1325 783 1396 homiues
810 1325 1015 1420 accipiebant
1042 1323 1199 1419 epistolas
1226 1323 1286 1414 (ol

86 1453 302 1543 lomicibacs)
325 1452 367 1523 de
389 1453 473 1524 inlra
497 1445 654 1546 Regno)
680 1451 793 1523 ltalico
821 1458 855 1523 et
883 1451 925 1524 de
943 1451 1111 1535 Baioaria‚
1138 1451 1286 1522 similiter

89 1585 123 1650 et
141 1578 185 1650 de
203 1578 358 1663 Saxonis,
383 1585 418 1650 et
436 1580 478 1650 de
495 1579 566 1650 aliis
591 1579 751 1673 partibus,
778 1584 813 1650 et
832 1601 888 1650 eas
907 1579 949 1650 ad
969 1577 1286 1673 Constantinopolim

87 1703 129 1775 ad
153 1705 392 1801 imperatorem
421 1705 625 1777 deferebant
668 1705 763 1777 Unde
787 1727 906 1799 magna
932 1706 1130 1801 uituperatio
1156 1709 1229 1776 erat
1252 1704 1287 1774 in'

87 1831 183 1902 uobis
203 1839 238 1903 et
257 1833 289 1902 in
308 1839 423 1904 nostra
446 1834 567 1928 patria,
595 1838 628 1903 et
651 1827 899 1925 dishonorem⁷)
923 1833 956 1902 iu
975 1837 1106 1904 nostras
1126 1830 1282 1916 cartulas,

87 1981 168 2054 quas
197 1958 240 2030 ad
268 1961 503 2054 Imperatorem
535 1983 598 2054 pro
631 1959 813 2031 saluatione
849 1965 964 2031 nostre
995 1959 1101 2053 patrie
1133 1959 1283 2030 consueti

88 2079 257 2178 eramus⁸)
285 2085 520 2156 transmittere.
561 2086 613 2158 Ad
638 2109 789 2180 magnam
816 2087 988 2159 utilitatem
1012 2091 1106 2158 eraut
1133 2091 1281 2181 recepte,

1 2219 3 2309 ss
87 2217 121 2282 ct
138 2234 202 2306 pro
222 2212 322 2283 nihilo
344 2234 400 2282 eas
419 2210 594 2285 habebant.

177 2337 274 2409 Nunc
293 2345 402 2410 autem
421 2361 535 2410 omnes
554 2342 679 2436 pariter
703 2341 767 2413 hoc
791 2341 909 2412 malum
933 2339 1107 2412 emendare
1127 2337 1281 2411 decreui-

86 2485 174 2548 mus,
199 2470 235 2534 et
253 2470 436 2537 statuentes
455 2467 645 2552 statuimus,
669 2474 706 2540 ut
724 2469 831 2541 nullus
849 2467 1026 2540 Veneticus
1045 2465 1218 2561 epistolam
1238 2465 1280 2536 de

1 2611 2 2688 J
87 2589 342 2683 longobardia,
369 2615 433 2664 uec
461 2592 503 2663 de
525 2593 692 2678 Baioaria‚
722 2617 829 2688 neque
857 2595 899 2666 cle
923 2594 1081 2678 Saxonis,
1107 2615 1215 2686 neque
1239 2593 1281 2665 de

30 2709 43 2745 ⁸
87 2715 160 2786 ullis
180 2717 251 2787 aliis
269 2717 353 2788 locis
372 2719 434 2789 iam
452 2711 576 2811 ultra⁰)
596 2719 914 2816 Constantinopolim
938 2727 1074 2816 portare
1099 2726 1279 2816 presumat,

1 2887 2 2958 ἐ
86 2863 150 2913 uon
169 2835 266 2935 adw)
287 2847 539 2940 lmperatorem,
568 2867 630 2917 nec
648 2845 690 2916 ad
709 2847 809 2918 ullum
828 2848 924 2920 alium
943 2850 1085 2920 Grecum
1103 2847 1278 2933 hominem,

1 2990 2 2993 ¹
83 2968 143 3038 nisi
161 2975 289 3041 tantum
307 2969 390 3055 illas,
411 2996 475 3068 que
494 2973 699 3044 cousuetudo
721 2981 772 3046 est
791 2975 832 3046 de
851 2980 967 3046 nostro
987 2975 1120 3068 palatio.

173 3093 307 3191 Siquis
340 3103 449 3169 autem
479 3099 564 3169 hano
591 3105 738 3172 nostram
767 3102 1034 3174 constitutionem
1063 3123 1278 3196 corrumpere

85 3221 237 3306 uoluerit,
258 3229 314 3294 aut
327 3224 360 3293 in
373 3223 491 3295 talibus
505 3225 700 3319 supradictis
714 3226 811 3299 factis
826 3253 864 3300 se
878 3229 1044 3324 implicare
1061 3251 1276 3322 presumpse-

84 3348 142 3432 rit,
176 3371 279 3444 super
305 3373 401 3445 quem
426 3352 521 3446 culpa
550 3352 717 3424 declarata
745 3354 860 3438 luerit,
894 3361 1071 3448 componat
1095 3355 1128 3426 in
1156 3355 1276 3450 palatio

84 3483 199 3547 nostro
220 3499 302 3548 auro
331 3471 496 3570 obrizo¹¹)
517 3479 658 3574 quinque
683 3480 800 3564 libras;
830 3481 941 3574 etqui
965 3474 1084 3573 uon¹²)
1113 3481 1276 3567 habuerit,

108 3791 134 3863 ¹)
154 3791 372 3862 guadamnnm
392 3795 447 3860 Tr,
473 3797 555 3851 inde
576 3815 653 3868 gua·
678 3797 681 3872 ξ
780 3801 864 3854 inlra
896 3817 997 3870 regno
1021 3799 1089 3871 Ugh.
1116 3801 1145 3854 lo
1168 3802 1228 3856 cod.
1248 3801 1276 3855 S.

153 3883 296 3953 (lagoum
314 3885 382 3956 ugo.
779 3891 811 3944 u.
826 3889 928 3944 lacuna.

107 3969 136 4044 ²)
155 3974 193 4026 ad
214 3975 406 4043 quemlibet
427 3977 573 4033 Graecum
597 3980 648 4033 ho·
731 3979 760 4053 ⁷)
780 3981 960 4036 dishonore
975 3981 1041 4053 Uglr.

152 4063 653 4126 minemrsltlenostro....aut
731 4068 760 4142 ⁸)
780 4075 899 4125 nostra
923 4072 1029 4127 latios
1054 4090 1277 4130 consuevera-

1 4215 2 4222 χ
152 4153 190 4208 de
212 4155 292 4208 aliis
309 4155 376 4227 Uglr.
779 4162 926 4232 musUgh.

106 4241 134 4314 ⁸)
152 4261 253 4298 manc.
273 4245 347 4300 inde
366 4247 449 4302 illuc
468 4267 495 4321 p.
510 4249 578 4322 Ugia.
730 4251 758 4324 ⁹)
778 4254 809 4306 in
829 4255 1001 4326 ultraUgh.

106 4331 133 4406 ⁴)
151 4336 254 4390 alitor
269 4335 338 4406 oga.
718 4342 760 4415 ¹⁰)
781 4359 840 4397 nec
858 4345 896 4398 sd
915 4345 982 4417 Uglr.

106 4423 132 4496 ⁵)
280 4427 286 4440 '
720 4434 760 4508 ¹¹)
779 4435 850 4490 auri
866 4438 972 4491 obrizi
986 4437 1031 4492 Tr.
1046 4437 1113 4508 Ugh.

107 4511 134 4586 ¹)
152 4517 322 4588 epistolas
350 4520 388 4572 ab
414 4521 596 4578 hominibus
619 4524 649 4578 in
715 4523 760 4600 ll)
781 4530 813 4581 et
832 4527 859 4581 si
880 4545 940 4582 uon
955 4527 1025 4600 Ugh.

151 4623 259 4679 regno
284 4607 328 4662 Tr.
367 4609 406 4664 tle
434 4611 580 4668 homines
608 4615 649 4670 de
