3148 5080
509 374 639 428 Dornrro
654 387 737 428 odore
750 371 860 426 Vener.
1229 358 1279 434 55

83 549 115 608 er
131 541 273 608 stootioe
287 539 350 606 eidi
364 540 404 606 ab
419 539 532 604 ineolis
547 539 686 604 notitae
702 537 872 610 obtineret,
897 558 976 624 qnos
992 540 1281 627 Constantinopoli-

84 659 159 716 tano
175 651 313 738 imperio
326 650 493 738 pertinere
507 655 671 712 noverat..
683 691 702 718 .,
719 666 812 732 qnam
828 645 862 710 in
874 647 1050 734 partitione
1061 647 1191 736 imperii
1200 649 1284 714 inter

88 759 239 823 Gor-olum
262 765 295 823 et
317 757 533 846 Nicephorum
552 777 614 844 per
637 755 797 820 decretum
818 756 976 820 sancitum
993 757 1127 821 Carolus
1151 758 1284 822 orientis

88 867 226 955 imperio
243 865 361 931 dobere
372 863 537 953 permistim
561 870 593 929 et
608 864 697 928 illam
712 884 811 951 usqne
826 863 872 927 od
885 869 1008 951 tempus
1024 863 1142 929 Basilii
1156 871 1187 930 ot
1205 866 1284 930 Coo·

89 975 226 1040 stoatini
236 993 329 1061 repes
345 982 375 1038 et
387 973 555 1060 principes
570 969 778 1060 presidentes
794 971 919 1036 nomine
934 973 1040 1060 ipsine
1057 979 1233 1038 tenuerent.
1243 1010 1287 1021 -

89 1086 211 1148 Eornee
228 1089 334 1148 antero
350 1081 450 1170 lopati
464 1083 504 1147 od
516 1081 632 1146 Alexio
648 1081 803 1146 olamder
818 1080 880 1145 oiri
895 1082 1104 1147 erosodolinm
1115 1083 1288 1146 Dalmatio

91 1201 121 1257 ot
139 1191 281 1256 Grootioe
303 1197 335 1255 et
354 1191 439 1256 sedis
453 1189 503 1276 (t)
527 1191 765 1254 Protoseoootos
789 1189 999 1256 obtinuerint.
1034 1191 1152 1268 Quibus
1171 1197 1289 1278 posteo

90 1301 233 1368 reversio
246 1302 327 1366 Dor
341 1322 398 1366 suo
414 1301 539 1366 addidit
554 1300 661 1366 titulo:
684 1300 900 1366 Dalmatico
922 1307 1043 1387 atquo
1061 1303 1232 1367 Orontice
1255 1309 1291 1366 et

92 1410 334 1500 imperialis
357 1411 689 1474 Protoseoastos.

186 1516 251 1580 Cir.
277 1516 428 1580 Lebret
449 1517 486 1580 T.
503 1516 532 1594 1,
555 1538 584 1600 p.
606 1516 682 1589 278,
707 1535 753 1600 sq.
779 1517 841 1579 Hoc
864 1515 933 1580 dato
957 1515 1162 1600 ohrysohnilio
1181 1517 1291 1582 Veneti

95 1625 195 1690 adacti
209 1625 297 1688 inere
306 1625 402 1688 denuo
415 1632 446 1688 ut
459 1645 540 1688 arma
549 1623 723 1690 conferrent
735 1625 986 1690 oumNormonnis
993 1649 1003 1700 ;
1020 1627 1065 1690 uti
1074 1625 1166 1692 Andr.
1179 1625 1255 1690 Dan
1264 1625 1293 1690 d.

94 1733 170 1798 ibid.
188 1755 220 1818 p.
239 1731 322 1797 251:
345 1735 470 1821 Repeto
485 1733 597 1798 Atesis·
610 1735 690 1799 Duo:
716 1731 838 1822 [Vitaiis
855 1733 1014 1808 Phaiedro,
1038 1733 1075 1798 ab
1092 1755 1168 1799 anno
1188 1732 1292 1822 1084]

98 1851 212 1908 oorrtro
227 1843 397 1907 Botertnrn
412 1843 524 1908 stolum
539 1843 644 1912 mittit,
661 1843 717 1929 qni
731 1863 795 1907 nno
808 1863 878 1908 eom
893 1843 1014 1908 Groneia
1026 1863 1046 1908 o
1057 1844 1193 1908 Roterto
1210 1844 1298 1931 apud

98 1951 251 2018 Sosim
265 1957 438 2038 mrpmotos
453 1953 604 2036 oonsnmm
619 1951 726 2017 rediit.

652 2117 735 2190 XXV

169 2243 298 2308 donatis
315 2241 403 2306 ltnds
418 2241 547 2306 tenedo
563 2241 668 2305 vitalis
685 2241 808 2321 faletri,
825 2239 942 2306 Venetis
959 2241 1123 2327 dpolttonis
1141 2243 1230 2310 teoto.

551 2363 583 2418 A.
596 2363 622 2418 d.
638 2363 718 2424 1090,
730 2379 764 2417 m.
777 2363 858 2419 dolio.

196 2474 273 2540 eod.
290 2476 358 2540 nst.
376 2476 408 2540 S.
427 2475 520 2540 diorei
536 2475 626 2539 olnss.
645 2473 723 2546 xiv,
745 2473 813 2538 eod.
831 2473 982 2549 XXXVII,
1005 2476 1057 2542 sol.
1078 2479 1107 2552 1,
1132 2481 1162 2543 in
1179 2498 1237 2563 quo
1254 2479 1301 2543 sie

104 2583 298 2668 inscriptum:
316 2583 477 2658 „Kosmiro
494 2582 589 2646 Motin
605 2583 787 2646 sottosorire
805 2603 861 2646 una
879 2582 1038 2648 donatione
1056 2587 1129 2650 tatto
1145 2585 1196 2650 dal
1213 2585 1302 2672 Doge

6 2719 7 2722 ¹
108 2691 186 2756 Vital
198 2691 333 2756 dtiohele
346 2713 361 2756 n
374 2691 535 2755 Karimano
548 2688 616 2754 airh.
634 2691 666 2754 et
681 2690 709 2754 ai
725 2695 896 2755 monastero
913 2691 944 2757 di
956 2693 988 2757 S.
1005 2691 1130 2779 Giorgio
1144 2695 1304 2778 Mnggiore

6 2847 7 2878 p
111 2799 140 2864 di
157 2799 267 2864 denne
282 2805 366 2864 terre
382 2819 401 2863 e
418 2819 490 2864 ease
506 2797 584 2862 nelle
601 2797 676 2862 eittd
693 2798 723 2862 di
741 2783 906 2886 Cospol‘fi‘

6 2897 7 2906 ἶ
199 2909 306 2974 Edidit
329 2909 570 2974 Muratorius
596 2909 625 2971 in
653 2909 773 2996 Antiqq.
798 2910 864 2974 ltel.
889 2910 925 2973 Τ.
950 2910 980 2984 1,
1004 2933 1034 2998 p.
1061 2912 1137 2986 900,
1169 2912 1246 2986 901,
1275 2919 1307 2977 et

110 3017 264 3081 Flamin.
284 3017 438 3082 Cornei.
456 3019 488 3080 in
504 3017 623 3082 Eccles.
642 3015 748 3081 Venet.
766 3018 833 3083 deo.
850 3019 906 3092 XI,
923 3020 956 3084 P.
973 3019 1012 3094 11,
1030 3042 1060 3106 p.
1079 3021 1146 3086 212
1164 3041 1200 3086 ex
1216 3027 1301 3088 auto·

111 3125 227 3214 grapho
243 3127 277 3190 in
292 3127 425 3192 Archino
442 3125 618 3192 Monostorii
635 3127 667 3191 S.
686 3125 814 3211 Georgii
832 3128 963 3192 maioris.

6 3253 9 3332 t
202 3247 239 3317 ln
272 3245 402 3315 nomine
430 3243 551 3315 domini
580 3243 632 3314 dei
661 3249 694 3312 et
720 3241 890 3314 salvatoris
919 3247 1024 3316 nostri
1063 3249 1143 3318 Jesu
1175 3245 1307 3317 Christi.

6 3337 8 3436 i
114 3372 209 3444 Anno
225 3371 267 3442 ab
282 3371 511 3442 incarnacione
527 3369 673 3464 ejusdem
685 3369 883 3441 redemtoris
896 3373 1002 3443 nostri
1021 3373 1187 3445 millesimo
1202 3396 1308 3445 nona-

6 3479 7 3484 '
116 3491 299 3593 gesimo¹),
318 3496 495 3568 indictone
515 3497 598 3568 rnn.
629 3497 779 3566 roomo.

207 3627 331 3698 Omnes
351 3623 472 3696 Christi
490 3623 617 3706 fideles,
647 3623 851 3696 secularibus
871 3625 960 3695 euris
980 3623 1122 3710 deditos,
1143 3647 1239 3720 opem
1259 3627 1312 3698 dei

6 3773 8 3784 ’
119 3749 278 3822 extollere
297 3749 455 3851 industria
475 3757 622 3845 oportet,
649 3755 807 3845 quotenus
826 3749 893 3822 tale
912 3749 1031 3844 aliquid
1052 3757 1163 3846 agant,
1190 3777 1255 3847 quo
1276 3777 1314 3825 se

6 3915 7 3924 κ
120 3883 234 3950 derne
253 3877 526 3948 remunerationis
545 3879 703 3973 premium
722 3878 903 3973 adepturos
922 3877 1099 3949 confidant.
1130 3879 1234 3974 igitur
1253 3903 1315 3953 nos

6 4055 8 4082 ε
121 4005 252 4100 quidem
272 4003 385 4076 vitalis
404 4003 554 4076 Faletrus
574 4007 616 4076 de
633 4001 788 4099 Donis²),
815 4005 867 4078 dei
894 4005 1002 4100 gratia
1021 4003 1157 4077 Venetie
1182 4014 1215 4079 et
1233 4008 1316 4080 Dal-

121 4133 226 4203 mneie
243 4131 318 4203 Dux
337 4137 370 4201 et
389 4129 565 4224 imperialis
584 4131 850 4215 Protosevastos‚
879 4156 943 4204 una
963 4145 1036 4204 eum
1056 4133 1178 4204 nostris
1192 4133 1318 4226 judiei-

123 4258 184 4330 bns
216 4265 251 4329 et
283 4257 355 4327 aliis
388 4253 484 4330 bonis
515 4258 699 4330 hominibus
731 4261 855 4330 nostris
888 4259 1055 4342 timidius,
1090 4283 1163 4330 oum
1196 4263 1320 4334 nostris

149 4483 178 4556 ¹)
196 4483 652 4556 nonag.,mensis.iuliicorn.
722 4489 726 4554 1
776 4483 1322 4556 ⁸)raletrovoneeiarumchroa-

723 4557 727 4648 i
825 4575 1279 4647 creatqueoarm.oettcorn.
