3120 5078
450 369 593 426 Caorsrnr
607 386 643 424 ar
657 367 928 423 Coasraarrrrorae.
1208 355 1285 427 327

88 537 162 610 Chi}
191 542 301 612 avoirs
326 541 378 613 lar
404 542 439 614 fu
466 540 618 612 creantes
637 563 723 634 pour
743 563 802 610 aus
823 545 857 608 et
874 560 960 632 pour
977 537 1026 608 les
1047 536 1226 606 chevaliers
1246 535 1287 606 de

86 665 159 736 lars
188 672 291 738 teres.
321 669 419 738 Etsi
448 674 580 739 ereanta
610 691 673 760 que
700 666 720 736 ir
745 689 866 736 cascun
895 664 1038 758 pelerin,
1069 671 1103 735 et
1125 687 1229 756 parre
1255 668 1289 732 et

87 793 195 878 riche,
217 793 238 862 il
253 794 495 866 renderoitche
511 793 588 888 qu’il
608 796 696 864 avoir
713 791 786 888 paie
802 792 969 872 d’estore3
999 797 1032 860 et
1052 790 1078 860 si
1098 789 1290 859 liverroient

84 919 237 992 l’estore
257 920 338 992 deus
358 943 417 993 aas
436 927 533 991 arant
552 919 615 992 ahe
635 920 712 1014 qu'it
732 919 752 990 Ι’
762 920 893 990 avaient
911 917 929 986 a
949 917 1056 996 tenir3
1088 922 1122 984 et
1141 915 1169 984 si
1187 914 1288 984 liver-

87 1047 158 1116 roit
173 1048 249 1118 eine
264 1070 343 1118 eene
358 1070 445 1118 mars
455 1048 537 1118 deus
548 1070 625 1129 aas,
640 1053 675 1118 et
689 1047 803 1116 viande
819 1045 839 1116 a
853 1050 947 1114 toute
962 1042 1105 1112 l'ertore
1121 1041 1201 1112 deus
1217 1062 1288 1109 aaa.

181 1172 265 1242 Erasi
280 1173 358 1265 jura
376 1172 397 1242 li
418 1174 524 1256 enses,
544 1173 601 1242 s'il
620 1174 756 1268 parient
774 1178 845 1242 tant
858 1172 940 1242 faire
956 1169 1041 1262 qu'il
1059 1169 1128 1239 fust
1143 1190 1183 1237 en
1199 1166 1290 1236 Con·

87 1298 294 1370 stentinoble
314 1305 348 1370 et
367 1299 450 1392 qu’r't
469 1305 562 1370 reust
579 1299 611 1369 le
628 1304 712 1369 tere.
734 1300 777 1370 Et
796 1298 816 1367 il
835 1297 856 1366 li
877 1301 1087 1368 areantereat
1102 1294 1156 1390 qu’
1165 1293 1185 1362 il
1206 1315 1248 1362 ne
1267 1292 1290 1362 li

87 1425 280 1496 faaaroieat
296 1426 345 1518 ja,
365 1433 399 1497 et
419 1426 472 1518 qu'
483 1427 504 1496 il
522 1426 544 1495 li
565 1426 759 1510 aideroient,
781 1425 801 1496 a
825 1424 846 1496 Γ
856 1425 948 1494 aieue
966 1423 1007 1494 de
1022 1422 1096 1506 Diu,
1116 1426 1187 1491 tant
1203 1418 1256 1512 qu'
1267 1419 1289 1488 il

88 1555 198 1624 serait
216 1552 436 1644 Empererres
463 1558 498 1635 et
526 1553 607 1645 qu'il
632 1553 778 1624 rararoit
801 1552 832 1622 le
852 1560 923 1622 tere
944 1550 986 1620 de
1005 1545 1290 1620 Constantinoble.

186 1679 298 1766 Quart
316 1682 387 1750 ensi
412 1681 447 1751 su
467 1679 620 1752 aereante
641 1686 675 1750 et
695 1680 798 1750 d'une
816 1685 891 1773 part
910 1685 943 1748 et
963 1677 995 1748 d’
1004 1682 1117 1758 autre,
1145 1674 1167 1744 li
1187 1669 1293 1744 parles

89 1803 169 1875 s'ea
189 1805 241 1875 ata
262 1827 304 1874 en
323 1806 516 1898 Honguerie
536 1829 620 1898 pour
639 1805 781 1900 prendre
798 1803 917 1898 congre
931 1803 950 1874 a
965 1826 1023 1874 sen
1040 1800 1135 1894 onele
1156 1805 1190 1872 et
1208 1822 1294 1893 pour

88 1930 134 2004 lui
159 1932 266 2004 atirer
290 1955 377 2026 pour
401 1932 473 2004 aler
499 1956 602 2006 araur
629 1933 677 2004 les
697 1933 852 2026 pelerias.
881 1931 918 2000 Li
937 1929 1108 2000 Venissien
1128 1928 1225 1998 fisent
1243 1927 1293 1996 les

90 2057 152 2130 aas
173 2061 278 2131 atirer
298 2065 332 2130 et
350 2059 400 2130 les
418 2059 539 2154 galiae,
564 2066 599 2132 et
616 2060 713 2130 tinent
731 2059 881 2154 carquier
899 2057 931 2128 le
951 2057 1087 2139 riarde,
1116 2061 1150 2124 et
1169 2055 1292 2126 reeoil-

88 2185 192 2256 lirent
210 2186 260 2256 lea
279 2186 442 2279 paleriam
465 2192 499 2256 et
517 2193 619 2280 quant
638 2191 710 2258 tane
730 2187 776 2266 fu,
801 2186 829 2254 si
849 2191 978 2256 murent
997 2183 1038 2254 rte
1060 2183 1187 2254 Gadres
1208 2187 1242 2251 et
1261 2181 1288 2250 si

1 2335 2 2338 ’
90 2313 166 2384 s'en
192 2313 325 2384 alerent
350 2335 391 2383 en
416 2311 491 2383 tite
517 2311 707 2382 decorat.
737 2310 839 2382 Chele
861 2310 915 2380 ille
942 2315 993 2382 est
1019 2315 1113 2380 entre
1133 2307 1240 2378 Duras
1261 2313 1295 2377 et

89 2439 198 2510 Pulle.
228 2437 276 2510 La
296 2437 485 2508 ateadirent
503 2437 534 2508 le
553 2436 658 2508 varlet
672 2443 743 2507 tant
763 2435 848 2528 qu'il
868 2436 934 2506 rint
952 2435 972 2506 a
991 2457 1061 2506 aus.
1091 2435 1135 2504 Et
1154 2439 1257 2526 quant
1275 2431 1296 2500 il

1 2571 2 2574 ’
91 2567 127 2636 tu
147 2589 276 2646 renus,
304 2565 330 2633 si
358 2570 489 2634 mutent
514 2563 639 2634 d’iluee
659 2569 694 2634 et
712 2565 840 2634 alerent
869 2585 910 2634 en
931 2559 1215 2632 constentinoble.
1249 2558 1297 2628 Or

93 2703 197 2762 orent
224 2692 302 2762 bien
326 2691 356 2762 a·
380 2688 552 2763 Veriaraca
578 2696 617 2760 ot
630 2690 663 2760 le
678 2692 800 2783 priore
814 2698 847 2760 et
864 2689 896 2758 te
914 2698 1153 2782 reparataque
1171 2687 1200 2758 li
1217 2710 1297 2756 aaa·

93 2818 182 2889 darre
200 2819 256 2888 Iar
270 2820 363 2888 avait
375 2819 476 2911 faite,
496 2816 588 2910 pu’it
603 2795 895 2905 dertopraataaertt
906 2818 929 2886 ὰ
942 2839 1060 2886 merres·
1078 2813 1127 2886 lea
1140 2814 1298 2910 pateriae

1 2972 2 3000 ³
93 2969 137 3016 err
156 2942 363 3024 Maleandw,
384 2943 467 3014 dant
474 2945 517 3036 je
534 2964 619 3030 aaut
629 2941 750 3037 perlat
766 2941 827 3012 etri
844 2940 977 3014 deveat.

188 3209 268 3272 rara.
285 3229 315 3292 p.
333 3206 410 3274 aar.

191 3324 306 3408 erant
323 3323 353 3392 a
369 3329 467 3394 arent
482 3323 582 3416 parti
604 3321 626 3391 t'
634 3323 742 3402 avoir,
761 3324 796 3390 ra'
805 3323 980 3415 partirent
994 3320 1028 3390 te
1046 3321 1142 3392 etita?
1149 3347 1220 3417 par
1237 3324 1299 3405 mi,

1 3541 2 3548 ἵ
93 3455 128 3522 ai
156 3475 225 3546 pue
249 3449 279 3520 lt
302 3447 478 3520 Ventaatea
497 3473 541 3517 en
560 3455 659 3518 orent
674 3447 706 3516 le
724 3447 842 3516 maitie'
861 3455 894 3518 et
909 3447 939 3518 a·
956 3445 1147 3518 Franeleotr
1170 3448 1193 3518 ἴ
1202 3457 1300 3520 auae

94 3576 226 3648 maitte'.
257 3575 304 3645 Et
320 3579 355 3646 ei
372 3581 468 3644 areat
482 3575 514 3644 le
525 3576 641 3668 partie
659 3597 699 3643 aa
725 3571 920 3643 Franehaia
939 3597 1010 3667 par
1029 3574 1195 3645 deperata
1214 3585 1300 3658 tere,

1 3709 2 3714 ’
96 3716 128 3776 et
154 3705 189 3775 le
209 3704 330 3796 partie
349 3724 389 3770 aa
414 3697 607 3771 Veae‘ara'ena
624 3722 694 3791 par
718 3698 838 3769 devera
864 3699 896 3769 le
914 3723 998 3770 mer.
1031 3700 1141 3784 Quart
1161 3701 1182 3770 il
1203 3707 1302 3772 orent

1 3895 2 3928 3
96 3831 189 3923 prise
209 3827 242 3898 le
257 3823 360 3908 abite,
380 3826 408 3894 ei
428 3827 557 3919 prisent
575 3823 700 3892 conset}
715 3823 867 3893 entr’aus
888 3823 971 3916 qu'il
986 3847 1007 3916 y
1022 3825 1164 3895 feroieat
1177 3825 1301 3918 Empe-

1 3979 2 4020 :
94 3981 178 4026 reur
198 3961 235 4024 et
252 3951 455 4046 patriarche.
484 3949 528 4018 Et
548 3949 575 4018 si
596 3949 678 4018 atira
698 3971 741 4018 on
760 3973 843 4042 que,
869 3972 906 4018 se
926 3973 970 4018 on
988 3951 1101 4020 faisoit
1119 3951 1304 4046 Empereur

1 4057 2 4102 ᾖ
96 4083 137 4152 de
159 4079 268 4152 decha
286 4079 337 4148 les
356 4097 464 4158 mons,
485 4073 526 4146 eil
547 4073 590 4144 de
604 4072 678 4144 dela
696 4073 743 4144 lea
762 4097 856 4144 moras
875 4074 1022 4148 feroieat
1040 4077 1247 4170 patriarche3
1270 4085 1306 4150 et

94 4231 159 4303 que
180 4207 202 4275 li
226 4204 399 4278 Venbsien
419 4201 596 4270 daaroiant
613 4198 645 4268 le
662 4205 779 4290 quarte
797 4207 873 4293 part
892 4201 934 4272 de
952 4201 1024 4274 leur
1045 4203 1132 4274 abita
1153 4203 1172 4273 a
1191 4204 1303 4274 l'Em·

96 4353 235 4426 pereur,
263 4335 301 4400 et
323 4329 347 4400 li
366 4325 554 4400 Franehois
578 4325 609 4394 le
629 4333 745 4416 quarte
770 4332 862 4418 part,
889 4351 950 4420 par
966 4329 1084 4400 devera
1103 4331 1243 4424 Bouque
1264 4333 1306 4402 de

94 4461 192 4530 Lien.
225 4457 338 4544 Quart
362 4454 432 4526 enai
458 4456 556 4522 orent
579 4449 734 4532 atourne,
759 4453 786 4522 si
808 4453 896 4524 eslut
915 4476 959 4524 on
985 4455 1017 4526 le
1037 4463 1137 4528 conte
1156 4459 1308 4530 Bauduin

95 4584 140 4658 de
161 4581 329 4656 Flandres
348 4580 368 4651 a
386 4584 477 4648 estre
496 4576 690 4670 Empereur,
710 4585 745 4649 et
762 4585 861 4673 porta
881 4603 1070 4654 eouroune.
