3120 5078
247 399 366 454 Puerum
378 399 656 455 nonsummum.
669 412 751 452 cerr.
766 412 824 450 auu
838 397 928 448 Herus.
940 395 1083 448 bannens.
1180 385 1255 454 363

64 571 102 628 er
124 565 267 630 vicissim
290 587 354 651 per
375 587 492 632 eanum
514 567 669 652 inteprum
690 565 725 628 ia
746 563 800 628 dei
818 561 948 626 seruitio
973 581 1201 648 perseverare‚·
1229 567 1261 625 et

65 673 271 760 acquirendo
283 675 449 762 optoliter
459 676 602 740 dividere
614 675 707 764 poeti
716 679 799 738 suot.
816 673 904 742 oue,
921 671 993 736 lieet
1004 692 1105 736 senen
1116 691 1259 757 corpore,

67 783 180 848 animo
209 792 314 848 tomen
340 786 572 872 magnanimus,
599 785 644 848 od
669 783 885 870 exequendum
907 781 966 846 boe
988 781 1205 868 personaliter
1225 801 1260 843 se

66 891 196 962 obtulr't,
213 898 245 956 et
260 893 329 977 ejus
340 893 401 978 pio
416 893 613 980 disposition
626 891 775 956 condono
790 889 959 966 laudatum
975 895 1007 952 et
1021 888 1211 965 decernitur,
1227 894 1262 950 ut

63 1021 101 1064 eo
118 999 252 1064 absente
267 1001 318 1064 rir
333 1001 471 1085 inclytus
486 1001 675 1086 Roynerius,
693 999 840 1064 Doaduto
857 1007 961 1074 notus,
985 997 1052 1084 ejus
1070 998 1176 1084 putris
1192 997 1261 1061 viee

60 1111 236 1196 fungatur.

158 1259 367 1352 Frequenter
392 1261 596 1331 manifestum
621 1265 673 1330 est
697 1259 861 1339 euenisse,
889 1257 977 1352 quod
996 1257 1258 1329 ierosolimitana

65 1387 167 1478 regio
199 1393 358 1478 occupata
387 1394 438 1457 est
466 1411 485 1456 a
513 1387 666 1482 paganis,
702 1377 773 1478 et¹)
801 1385 929 1478 quando
958 1389 992 1454 et
1019 1387 1103 1455 sieut
1138 1385 1261 1479 placuit

67 1513 219 1594 domino,
241 1511 282 1582 ad
301 1515 369 1583 eius
388 1513 515 1584 laudem
535 1521 568 1584 et
587 1513 724 1607 gloriam
742 1513 888 1583 liberata.
909 1511 970 1582 Set
988 1511 1147 1582 incolatus
1167 1511 1261 1582 huius

69 1633 237 1730 nostris¹)
266 1639 466 1732 temporibus
486 1639 632 1732 regionis
661 1639 743 1709 illius
769 1641 800 1708 in
827 1645 950 1709 tantum
979 1645 1030 1708 est
1055 1637 1262 1708 lacrimabilis

67 1757 275 1856 contricb')
296 1765 484 1847 subsecuta,
503 1773 540 1836 ut
553 1763 593 1835 ab
609 1766 785 1858 auersarijs
801 1767 909 1835 erucis
923 1765 1033 1846 Cristi,
1054 1763 1261 1858 multiplicata

69 1893 134 1963 sibi
160 1892 295 1986 solonge
320 1893 486 1985 nequicie,
516 1889 611 1986 captis
636 1892 858 1975 iherusalem,
884 1893 916 1961 in
936 1914 998 1984 qua
1018 1913 1139 1984 corpus
1163 1891 1263 1960 iacuit

68 2019 236 2102 salutare,
264 2027 361 2112 capte
388 2019 454 2089 sint
481 2019 629 2090 ciuitates
658 2019 720 2091 alie
745 2025 779 2090 et
806 2017 957 2100 castello,
986 2017 1091 2088 itaut
1117 2017 1262 2087 nonnisi

68 2168 180 2238 pauca
199 2145 272 2216 loce
290 2145 523 2227 remanserint,
550 2170 613 2240 que
633 2171 698 2218 non
717 2147 748 2215 in
768 2169 881 2215 eorum
902 2144 1094 2215 deuenerint
1112 2150 1262 2238 potesta-

68 2279 161 2353 tem;
193 2271 282 2364 quod
307 2296 368 2342 nos
398 2272 535 2343 credere
563 2296 627 2342 non
654 2273 826 2357 debemus,
855 2277 891 2341 ut
910 2296 948 2341 ex
967 2271 1119 2342 iniustitia
1141 2269 1262 2361 judicis

68 2389 274 2490 ferientis⁸),
295 2405 347 2470 set
365 2423 404 2468 ex
423 2399 589 2491 iniquitate
608 2399 719 2492 populi
738 2399 847 2491 potius
863 2397 1077 2492 delinquentis
1097 2419 1262 2489 prouene-

69 2517 168 2616 rit⁵),
197 2548 270 2594 cum
296 2525 461 2619 legamus,
489 2525 592 2619 quod,
621 2526 749 2618 quando
776 2524 916 2619 populus
943 2523 1196 2596 conuertebatur
1220 2521 1259 2593 ed

70 2651 258 2735 dominum,
287 2651 548 2746 persequebatur
572 2675 655 2723 unus
681 2652 782 2734 mille,
808 2659 841 2722 et
867 2651 931 2722 duo
956 2641 1261 2756 transmouebant⁶)

70 2773 199 2870 dena')
226 2778 333 2848 millia.
373 2777 456 2849 Nom
480 2779 507 2847 si
534 2777 691 2850 uoluisset
717 2777 887 2862 dominus,
916 2779 1120 2850 inextimabili
1148 2777 1261 2848 iuditio

70 2927 166 2975 suem
191 2905 340 2974 iniuriam
363 2905 580 2986 uindicasset;
609 2915 661 2974 set
679 2905 816 2996 experiri
840 2904 928 2975 forte
947 2903 1048 2976 voluit
1066 2911 1100 2976 et
1124 2905 1156 2974 in
1175 2905 1262 2975 neti-

71 3033 157 3102 ciam
178 3030 303 3101 ducere
322 3031 532 3114 Christianis,
559 3031 586 3099 si
606 3030 718 3124 aliquis
737 3031 780 3100 sit
804 3031 987 3124 intelligens
1013 3039 1069 3103 aut
1092 3032 1264 3124 requirens

72 3158 261 3239 (lominum,
292 3159 345 3252 qui
365 3164 533 3228 ostensum
566 3156 626 3226 sibi
654 3157 833 3248 penitentie
856 3165 983 3252 tempus
1011 3151 1262 3252 amplectetur⁸)

73 3281 272 3379 gaudenter,
294 3293 328 3356 et
347 3283 571 3380 apprehendat
589 3306 676 3353 arma
696 3292 730 3354 et
747 3291 875 3355 scutum
895 3292 928 3355 et
946 3291 1062 3378 surgat
1080 3287 1111 3354 in
1133 3283 1263 3355 adiuto-

72 3437 159 3484 rium
178 3437 263 3483 enus.

101 3769 129 3836 ¹)
149 3773 177 3823 et
191 3786 207 3837 q
216 3767 324 3820 urendo
339 3785 454 3837 sequens
468 3767 597 3838 diplosns;
617 3771 645 3822 et
659 3765 751 3836 reliqui
765 3768 895 3822 omittunt.

101 3858 129 3928 ²)
150 3859 287 3913 nostris
313 3859 524 3929 temporibus
543 3859 654 3926 legimus
676 3875 738 3918 nos;
763 3859 849 3912 umor.
869 3862 981 3914 nostri
1006 3864 1184 3934 temporis;
1211 3867 1262 3919 LA.

151 3951 201 4004 [Ρ.
216 3950 325 4002 nostri
346 3949 568 4020 temporibus.

101 4039 130 4110 ι)
149 4039 315 4094 continuo
335 4039 423 4092 Amor.

100 4127 128 4201 ι)
145 4129 283 4201 judicis
314 4129 326 4180 i
333 4129 483 4182 orientis
502 4129 588 4182 Ambr.
607 4134 634 4183 et
652 4130 702 4182 LA.
722 4131 858 4200 sequentis
877 4131 1040 4202 diplomatis3
1063 4133 1195 4203 judicis
1213 4155 1264 4190 om.

153 4221 259 4292 reliqui.

101 4312 129 4384 5)
150 4311 379 4384 provenerint
393 4309 445 4362 LA.
461 4326 534 4379 sequ.
548 4308 705 4379 diplomatis.

102 4401 130 4474 ο)
151 4399 534 4456 transmovebuntlmbr.
549 4399 599 4452 LA.
614 4417 687 4470 sequ.
702 4401 780 4471 dipl.;
801 4405 1139 4462 transmovebuntbb.

104 4493 133 4564 7)
153 4493 192 4547 de
202 4511 250 4546 um
265 4491 316 4544 LA.
329 4509 406 4562 sequ.
420 4489 485 4560 dipl.

105 4583 133 4654 ⁸)
152 4579 491 4654 amplecteturltmbr.
506 4579 795 4652 ue.ua.ssqu.oip1.;
814 4585 1070 4653 amplectentur
1088 4589 1138 4644 bb.
