3120 5078
297 369 422 426 l'lUthllls
436 387 553 426 00111·Ιῦ
567 372 595 429 s.
609 373 696 428 Pauor
710 389 851 428 fflfl'l'tlbd
864 391 900 430 DE
915 372 963 428 ΟΡ.
979 390 1081 430 ῦΑΡΤΑ-
1208 361 1285 436 307

84 537 210 620 Pisani,
231 538 412 623 Lirouinui,
434 540 537 612 Dacbi
557 533 764 633 [Duni?J¹)
792 542 833 614 ad
853 567 923 614 enm
943 543 1182 637 protegendam
1203 563 1287 613 con-

86 663 215 745 stituti,
244 667 297 758 qui
317 666 448 738 exibant
466 668 581 738 turrim
600 674 635 738 et
659 669 856 752 introibant,
886 671 972 742 sicut
991 676 1025 741 et
1045 669 1175 762 quaudo
1195 669 1289 738 vole·

87 789 187 872 bant,
217 791 260 862 ad
289 791 512 884 sagittandum
540 799 687 865 nostros.
725 794 834 888 Super
859 797 942 865 turri
967 799 1076 866 autem
1105 794 1158 864 illa
1188 793 1289 864 locuti

86 915 211 988 fuimus
232 941 308 988 curn
322 917 414 990 Duce
429 918 577 1001 Venetis,
598 921 668 990 viro
687 921 941 1012 prudentissimo
957 927 991 992 et
1005 921 1162 1000 discreto,
1178 919 1290 990 diceu-

87 1047 141 1111 tes
155 1045 201 1126 ei,
222 1020 311 1135 quod
331 1043 532 1114 nullomodo
551 1050 668 1136 posset
686 1046 771 1138 oapi,
792 1047 851 1116 uisi
868 1069 928 1137 per
942 1047 1112 1116 minitores
1128 1050 1162 1114 et
1175 1051 1290 1136 petra·

84 1167 156 1238 rias
171 1175 363 1263 caperetur.
383 1162 569 1263 Respondit
583 1169 690 1254 nobis,
708 1171 797 1262 quod
807 1172 901 1263 juxta
916 1177 1066 1242 catenam
1081 1169 1291 1242 antedictam

85 1293 220 1366 iaceret
239 1318 341 1368 naves
361 1319 438 1366 suas
457 1295 618 1388 protrahi,
643 1319 720 1366 suas
740 1298 873 1390 erigens
892 1297 1054 1389 petrarias
1074 1317 1147 1366 cum
1167 1296 1292 1364 iustru-

86 1423 212 1490 mentis
223 1423 320 1492 vnriia
331 1445 433 1514 super
446 1445 568 1503 naues;
585 1445 646 1492 nos
656 1446 789 1516 quoque
802 1423 1111 1496 nostrasaceremus
1122 1413 1292 1514 ingenia²)

87 1548 176 1640 erigi
203 1570 307 1641 super
331 1555 466 1618 terram.
497 1548 553 1620 Sic
579 1548 722 1641 undique
748 1551 850 1620 turris
870 1548 1008 1620 obsessa
1027 1549 1090 1620 Dei
1109 1554 1292 1639 nostroque

87 1673 213 1744 auxilio
234 1671 275 1742 de
294 1674 381 1744 incili
401 1679 589 1766 caperetur.

184 1799 269 1869 Dum
290 1803 399 1870 autem
424 1799 488 1868 bec
511 1804 788 1890 proponerentur,
814 1797 952 1888 serjanti
973 1801 1005 1870 in
1023 1801 1107 1870 turri
1126 1799 1293 1870 latitantes

87 1927 218 1996 nosbis
229 1925 385 2018 gentibus
399 1924 589 2017 sagittando
605 1925 810 2018 importunos
824 1924 990 1996 iaciebant
1003 1925 1154 1998 assaltus.
1169 1924 1292 1996 Verum

87 2051 180 2122 nulla
201 2051 273 2122 rice
297 2053 331 2120 in
355 2075 417 2122 uos
438 2051 592 2122 lecerunt
619 2043 885 2140 salinatioues⁸)‚
919 2051 995 2144 quin
1027 2052 1139 2124 forent
1171 2052 1295 2121 acriter

87 2178 278 2248 retromissi
297 2183 332 2247 et
351 2200 486 2248 suorum
505 2178 620 2247 damna
640 2177 830 2247 multimoda
849 2178 1064 2249 sustinerent.

175 2303 291 2373 'l'ertia
320 2325 401 2374 vero
433 2303 485 2374 die
520 2311 597 2397 post
623 2303 767 2376 tentoria
795 2311 911 2376 nostra
939 2303 1058 2374 ibidem
1091 2305 1217 2374 confixa
1251 2301 1294 2372 illi

89 2431 226 2502 deintus
246 2436 405 2500 excuntes
424 2430 547 2500 aeriter
561 2431 684 2500 uostris
703 2429 895 2524 quibusdam
910 2429 1062 2500 militibus
1077 2434 1112 2500 et
1129 2428 1294 2521 peditibus

87 2561 273 2650 protervos
287 2555 442 2626 feceruut
461 2554 611 2626 insultus.
631 2557 749 2626 Petrus
763 2577 842 2626 vero
858 2555 898 2625 de
918 2553 1106 2646 Brnjcceul,
1127 2576 1201 2626 curn
1221 2553 1296 2644 qui·

89 2682 233 2752 busdam
253 2680 409 2752 militibus
425 2688 461 2752 et
474 2681 629 2773 serjantis
645 2686 788 2752 armatus
803 2682 1050 2772 superveniens,
1070 2680 1123 2750 bic
1143 2703 1203 2748 eos
1223 2702 1296 2750 cum

88 2809 218 2878 festino
234 2807 357 2898 impetu
374 2808 533 2877 atrociter
548 2807 675 2889 invasit,
697 2805 784 2898 quod
800 2805 829 2873 ci
849 2827 915 2874 uon
929 2810 1108 2898 potuerunt
1122 2805 1294 2888 resistere,

92 2957 159 3004 nec
174 2935 219 3004 ad
233 2935 337 3004 turris
351 2933 515 3025 retugium
529 2953 699 3012 romeam
718 2931 815 3000 immo
832 2929 978 3021 oportuit
994 2927 1154 3022 quosdam
1168 2952 1294 3012 eornm,

92 3061 223 3133 nostris
247 3059 464 3142 instantibus,
490 3059 643 3152 prosilire
661 3059 693 3128 in
713 3079 820 3138 mare,
846 3055 942 3126 stibi
962 3055 1123 3126 submersi
1143 3055 1295 3138 luerunt;

92 3187 230 3282 quidam
250 3188 414 3268 buncati,
441 3185 570 3279 quidam
590 3205 669 3254 vero
688 3183 820 3252 retenti.
850 3181 986 3263 Statim,
1013 3181 1086 3252 Deo
1107 3181 1298 3252 mirabiliter

91 3319 278 3409 operante,
311 3312 415 3382 turris
443 3311 570 3402 absque
597 3310 715 3380 bellico
744 3309 961 3378 instrumento
990 3312 1088 3398 capta
1116 3313 1151 3378 et
1179 3313 1298 3376 catena

89 3449 193 3534 rupta
218 3440 294 3509 tuit.
329 3440 404 3510 Mox
432 3436 609 3529 siquidem,
637 3433 773 3504 navibus
801 3432 940 3504 civitatis
966 3437 1060 3502 retro
1089 3432 1298 3517 abeuntibus,

89 3589 196 3638 nares
226 3572 345 3636 nostre
373 3563 512 3632 liberum
540 3566 673 3653 portum
701 3556 904 3639 habueruut,
934 3561 969 3628 et
994 3557 1153 3650 quosdam
1183 3581 1299 3628 eorum

89 3693 189 3765 simul
209 3713 288 3763 erun
307 3689 460 3782 galeidis,
491 3684 647 3756 naviculis
675 3691 710 3754 et
734 3683 847 3774 bargis
876 3689 1047 3776 ceperunt.
1085 3685 1177 3754 Tunc
1203 3709 1297 3769 vero,

91 3821 223 3891 nostris
239 3815 378 3886 navibus
393 3820 428 3883 et
446 3811 541 3882 nobis
556 3808 717 3880 ordinatis
732 3807 773 3876 ad
792 3829 949 3900 pugnam,
968 3809 1191 3900 processimus
1206 3807 1301 3900 juxta

89 3947 171 4017 litus
192 3943 234 4014 ad
255 3939 432 4036 quemdam
451 3942 585 4030 pontem
602 3934 776 4026 lapideum,
804 3932 979 4004 distantem
998 3957 1017 4004 a
1036 3940 1130 4006 turre
1149 3935 1301 4028 predicta

91 4097 157 4144 una
196 4070 306 4140 leuca.
356 4067 446 4135 Pons
489 4083 568 4132 sero
616 4059 670 4130 ille
715 4057 905 4151 protensior
943 4067 1016 4130 erat
1057 4082 1160 4152 parvo
1197 4071 1301 4153 ponte

118 4371 147 4444 ¹)
169 4365 301 4427 Pisani,
339 4356 544 4418 (lenocinari,
575 4355 672 4413 Daci,
751 4350 982 4423 ²)ldachiuas.

166 4444 673 4514 collibrans-Genesiumsuntne
752 4439 777 4510 ⁸)
798 4443 1022 4513 Eruptioucs,
1036 4445 1097 4498 coll.
1111 4445 1263 4517 DnCangio.

166 4536 516 4604 Genuosi,1'ssnnirarl

1020 4622 1078 4676 20·
