3130 5078
284 339 360 414 516
593 351 691 408 lusco.
704 351 738 406 Ill
751 369 842 408 rrrsr.
856 370 893 408 ιιι
908 353 1079 411 Bsunornuu
1092 353 1151 409 Irsr.

803 598 939 671 CXXIV.

323 759 511 822 Innocentius
527 758 569 822 Ill
586 758 738 839 lsldrln,
754 759 868 824 illustri
886 759 1212 843 herstartlrspelltsro
1228 760 1418 842 inperatori.

537 920 717 1007 Respondet
732 921 886 1008 epistolae
900 921 1068 1008 superiori.
1087 919 1208 1009 (cult.)

626 1083 657 1135 Α.
672 1081 790 1145 (1.1204,
804 1081 846 1135 die
858 1083 885 1136 7.
904 1099 937 1135 m.
949 1082 1111 1139 Novembris.

370 1227 490 1291 Innoc.
512 1228 550 1292 lIl
580 1229 668 1312 epist.
692 1228 742 1294 lib.
767 1229 831 1300 Vll,
856 1249 904 1312 ep.
929 1228 1019 1294 CLIII
1045 1231 1093 1295 ed.
1114 1231 1338 1318 Brequigny
1361 1231 1398 1293 Τ.
1422 1231 1462 1308 ll,

283 1335 445 1417 pugilli.
472 1335 690 1421 Raynaldus
706 1337 725 1401 l.
743 1338 762 1401 1.
780 1338 814 1421 §-
832 1337 884 1402 20.

366 1485 493 1558 Literas
522 1486 752 1581 Imperatoriae
782 1487 968 1580 dignitatis,
996 1511 1075 1582 quas
1101 1487 1195 1558 nobis
1219 1511 1280 1579 per
1306 1487 1464 1558 dilectum

277 1612 375 1682 lilium
386 1613 579 1684 barochium
587 1610 630 1704 ¹),
646 1615 779 1684 fratrem
789 1613 909 1686 militiae
919 1615 1054 1707 Templi,
1070 1621 1125 1684 tua
1135 1614 1265 1684 devotio
1277 1616 1463 1695 destinavit,

275 1747 411 1831 paterna
424 1741 624 1834 benignitate
638 1740 832 1832 recepimus,
849 1749 1151 1834 earumqueteuore
1160 1739 1347 1834 plenissime
1362 1742 1462 1811 intel·

274 1864 360 1936 lecto
377 1869 478 1960 gavisi
494 1891 603 1938 sumus
619 1870 649 1936 in
665 1867 803 1937 Domino
824 1875 858 1937 ct
876 1869 907 1936 in
926 1869 1070 1962 potentia
1090 1867 1217 1938 virtutis
1237 1867 1350 1960 ipsius,
1372 1869 1463 1959 quod

232 1967 234 1972 Ι
275 1992 314 2074 is,
331 1995 383 2088 qui
398 1994 548 2086 superbis
567 1996 701 2076 resistit,
721 1993 892 2064 humilibus
912 2001 1020 2064 autem
1040 1993 1096 2065 dat
1114 1993 1266 2087 gratiam,
1287 1993 1462 2088 magnifica

274 2130 380 2192 tecum
410 2121 562 2193 miracula
591 2122 743 2214 dignatus
772 2127 822 2191 est
850 2121 1001 2215 operari,
1035 2122 1076 2193 ad
1104 2121 1230 2191 laudem
1261 2129 1293 2191 et
1321 2119 1461 2213 gloriam

274 2250 411 2319 nominis
430 2249 499 2330 sui,
524 2248 565 2319 ad
584 2249 741 2318 honorem
761 2255 796 2319 et
817 2248 1003 2341 proiectum
1028 2248 1229 2342 apostolicae
1247 2247 1343 2317 Sedis
1364 2253 1397 2318 et
1415 2249 1460 2318 ad

272 2374 443 2445 utilitatem
463 2383 496 2447 et
516 2375 742 2446 exaltationem
760 2375 870 2468 populi
892 2375 1078 2456 Christiani,
1098 2382 1135 2444 ut
1153 2374 1194 2444 de
1213 2380 1269 2444 tua
1289 2381 1459 2446 taceamus

273 2503 512 2595 magnificentia
533 2507 565 2572 et
583 2503 712 2572 virtute.

365 2629 447 2700 Illud
467 2637 574 2700 autem
593 2630 678 2698 iuter
697 2635 808 2698 cetera
828 2629 920 2698 nobis
938 2631 1069 2720 gratum
1089 2636 1141 2698 est
1160 2635 1194 2698 et
1211 2636 1401 2722 acceptum,
1422 2637 1458 2700 et

274 2779 374 2849 super
393 2779 433 2826 eo
453 2763 541 2826 tuam
559 2753 762 2849 prudentiam
781 2755 1060 2839 commendamus,
1086 2753 1174 2846 quod
1192 2755 1360 2848 potentiae
1379 2763 1456 2826 tuae

275 2905 389 2975 parum
409 2889 464 2952 aut
484 2882 576 2967 nihil,
596 2881 667 2952 Deo
688 2889 795 2952 autem
817 2889 850 2951 et
868 2882 962 2952 nobis
981 2887 1086 2953 totum
1106 2880 1261 2964 ascribis,
1280 2888 1317 2953 ut
1336 2881 1458 2953 exaltet

272 3007 451 3091 humilitas,
479 3033 573 3102 quem
593 3007 745 3102 superbia
764 3031 828 3077 nou
849 3007 984 3080 extollit.
1014 3011 1192 3102 Sperantes
1217 3009 1329 3100 igitur,
1358 3009 1455 3080 immo

271 3159 332 3229 pro
352 3141 445 3206 certo
465 3141 626 3217 tenentes,
647 3133 735 3228 quod
752 3141 788 3204 tu
808 3141 1048 3204 sacrosanctam
1068 3135 1245 3204 Romanam
1258 3134 1455 3219 Ecclesiam,

273 3285 358 3356 quae
378 3269 569 3334 cunctorum
588 3261 726 3332 fidelium
747 3267 849 3331 mater
868 3267 919 3332 cst
938 3268 971 3331 et
990 3263 1157 3354 magistra,
1183 3262 1224 3333 de
1243 3262 1347 3334 corde
1368 3287 1452 3356 puro

273 3396 307 3461 et
326 3390 525 3461 conscientia
552 3389 637 3460 hona
657 3395 691 3459 et
713 3388 776 3459 fide
803 3411 867 3458 uon
894 3389 967 3458 licta
998 3413 1128 3483 semper
1153 3389 1264 3484 cupias
1287 3391 1448 3474 venerari,

270 3517 312 3588 ad
341 3517 498 3588 honorem
527 3525 561 3588 et
587 3518 769 3610 profectum
797 3521 888 3586 tuum
918 3512 1055 3624 diligens
1088 3515 1227 3585 studium
1265 3516 1452 3611 impendere

271 3644 418 3714 volumus
438 3650 472 3714 et
491 3666 623 3738 operam
642 3643 819 3713 efficacem.

359 3771 452 3842 Unde
470 3777 535 3841 tam
553 3777 605 3852 te,
632 3787 726 3861 quam
752 3774 860 3839 terras
879 3774 913 3837 et
931 3767 1077 3840 homines
1103 3777 1179 3840 tuos
1203 3770 1261 3840 sub
1283 3771 1452 3866 priucipali

269 3897 356 3968 beati
384 3897 470 3968 Petri
499 3903 533 3966 et
558 3895 689 3988 speciali
718 3903 832 3967 nostra
857 3897 1065 3989 protectione
1090 3896 1303 3989 suscipimus,
1334 3897 1450 3969 dantes

269 4025 407 4096 firmiter
426 4023 458 4095 in
478 4025 662 4118 praeceptis
680 4023 840 4094 uniuersis
860 4021 1112 4115 archiepiscopis
1132 4029 1166 4092 et
1186 4023 1369 4116 episcopis,
1390 4047 1449 4096 nec

268 4175 334 4222 non
359 4151 430 4222 aliis
455 4151 665 4222 ecclesiarum
691 4150 860 4241 praelatis,
897 4149 1032 4242 regIbus
1061 4173 1208 4244 quoque,
1240 4149 1378 4222 ducibus
1410 4173 1462 4248 ac⁸

268 4277 451 4360 comitibus,
471 4278 654 4370 ceterisque
669 4274 880 4370 principibus,
901 4281 934 4346 et
952 4275 1081 4370 populis
1095 4276 1267 4360 uniuersis,
1286 4283 1325 4347 ut
1342 4285 1450 4349 terras

296 4557 321 4628 ¹)
340 4558 554 4614 Barrochiuru
574 4559 658 4630 Rayn.
