3130 5082
291 332 364 404 100
599 343 759 399 hrenssnrs
772 357 902 398 nsonmr.
914 343 1008 400 tussi
1021 359 1155 398 nunerio.

288 517 390 588 sancti
410 514 550 610 apostoli
569 515 668 586 biarci
686 514 933 599 veneticorum,
959 523 992 586 et
1010 539 1069 611 per
1088 515 1194 610 ipsum
1212 513 1382 612 principali
1401 533 1478 582 mo·
1561 493 1563 512 Α

287 643 431 714 nasterio
464 641 644 737 predictum
681 647 795 713 nosbo
829 641 1120 737 archiepiscopatui
1156 642 1270 713 Lemni
1306 641 1481 734 pertinens

288 770 477 854 oratorium,
497 793 569 840 cnm
589 768 802 862 coadjacente
819 771 878 840 sibi
897 770 1028 855 locello,
1048 770 1102 864 qui
1121 777 1155 842 et
1173 768 1272 840 babet
1289 789 1482 839 mensuram

288 896 322 967 in
353 895 488 968 circuitu
520 895 683 968 funiculos
710 896 767 966 vlt
804 896 846 989 (l.
875 895 958 989 111),
991 921 1107 992 passus
1125 896 1178 970 vt.
1208 896 1346 968 Debetis
1368 901 1483 965 autem

288 1023 503 1095 rebediticare
528 1025 560 1094 in
585 1023 656 1118 ipso
680 1023 831 1118 predicto
858 1025 978 1096 locello
999 1025 1170 1097 eeclesiam
1189 1047 1249 1120 per
1268 1029 1377 1095 vestm
1396 1043 1485 1118 pru·
1562 1007 1563 1010 ¹

289 1153 358 1248 pria
377 1151 539 1246 stipendia
558 1151 735 1223 secundum
754 1153 836 1224 velle
854 1160 996 1224 vestrum
1015 1153 1046 1224 in
1065 1153 1195 1225 nornine
1212 1177 1240 1223 s.
1260 1151 1373 1244 magni
1390 1146 1486 1220 mar?-

289 1279 370 1374 tyris
390 1279 537 1372 Georgii,
558 1285 592 1350 et
605 1279 651 1350 nti
667 1287 699 1350 et
712 1280 885 1375 possidere
898 1281 1003 1376 ipsum
1016 1280 1146 1353 omnino
1161 1281 1232 1352 sine
1244 1277 1487 1376 prohibitione,

291 1407 398 1477 donec
424 1405 561 1477 mundus
589 1407 650 1476 iste
677 1408 877 1492 constiterit;
910 1407 990 1479 dare
1016 1431 1094 1479 vero
1124 1431 1230 1479 annue
1258 1406 1301 1478 ad
1329 1411 1487 1477 nostrum

291 1533 527 1605 sanctissimum
556 1533 868 1630 archiepiscopatum
894 1542 1078 1630 etpartem
1104 1537 1177 1629 ejus
1201 1557 1300 1606 causa
1318 1531 1489 1627 bemphy·

290 1659 464 1733 theumatis
487 1660 594 1730 oleum
619 1684 734 1755 purum
757 1669 860 1733 metra
884 1661 949 1733 duo
973 1661 1128 1747 thalasio,
1153 1669 1190 1734 nt
1208 1663 1250 1734 sit
1267 1661 1401 1733 omnino
1423 1683 1491 1730 nce

293 1788 459 1870 minutum,
479 1809 540 1858 nee
560 1795 701 1870 auctum,
721 1795 755 1859 et
772 1791 923 1884 recipere
941 1789 1114 1884 apodoxin.

382 1913 588 2009 spondemus
604 1917 688 1986 enim
706 1917 738 1986 in
757 1917 872 2011 spiritu
887 1923 1014 2002 sancto,
1029 1938 1142 1990 omnes
1157 1921 1235 2012 post
1248 1939 1310 1986 nos
1326 1921 1493 1986 uenturos

293 2042 561 2138 archiepiscopos
581 2049 614 2114 et
632 2043 771 2115 clericos
791 2051 824 2115 et
838 2067 951 2115 omnes
970 2045 1030 2115 sub
1049 2050 1164 2115 nostro
1184 2043 1493 2136 archiepiscopatu,

295 2171 348 2266 qui
368 2195 470 2264 agere
487 2171 538 2242 vel
558 2169 667 2241 dicere
685 2179 833 2264 possunt,
864 2171 1040 2244 observare
1057 2194 1195 2266 presens
1214 2171 1402 2242 donatiuum
1423 2193 1496 2242 no-

295 2305 397 2369 strum
412 2304 638 2382 commentum,
658 2303 691 2368 ct
710 2299 827 2382 omnia,
847 2321 911 2392 que
925 2322 998 2370 meo
1008 2291 1037 2391 ¹)
1057 2299 1243 2370 annuntiata
1262 2303 1351 2381 sunt,
1371 2299 1495 2369 ineur-

295 2431 392 2520 rupta
411 2431 445 2496 et
468 2426 649 2508 imminuta,
678 2425 738 2495 nisi
761 2425 847 2496 sorte
871 2426 970 2497 velint
994 2425 1166 2497 succidere
1189 2423 1438 2530 pontiticalibus
1461 2431 1498 2496 et

297 2553 464 2623 canonicis
479 2551 751 2646 correptionibus,
766 2553 889 2645 stipsis
905 2575 1035 2647 qnoque
1049 2551 1329 2624 maledictionibus
1344 2551 1499 2625 cccco-

296 2703 368 2750 rum
386 2676 495 2748 xvnt
518 2679 723 2750 cleiierorum
742 2686 880 2773 patrum.

387 2804 439 2876 Ad
467 2805 531 2876 boc
558 2807 641 2876 enim
671 2813 705 2876 et
731 2830 867 2900 presens
895 2813 1043 2878 nostrum
1076 2813 1294 2878 commentum
1327 2815 1502 2881 consuete

158 3009 159 3014 ἵ
297 2933 454 3002 firmatum
471 2937 504 3002 et
517 2931 738 3025 subsignatum
753 2933 901 3027 plumbea
914 2933 1001 3004 bulla
1011 2940 1125 3006 nostra
1140 2934 1293 3006 traditum
1309 2939 1362 3005 est
1376 2957 1501 3007 mense

297 3058 383 3132 Julio
411 3058 587 3129 indictione
615 3059 718 3141 XHH,
746 3083 831 3131 anno
860 3083 917 3130 sex
944 3061 1112 3132 millesimo
1140 3062 1267 3151 decimo
1294 3062 1335 3153 (l.
1365 3061 1501 3148 VPmo,

298 3188 319 3256 i.
336 3209 365 3256 e.
381 3188 643 3278 sescentesimo)
662 3187 770 3286 Xhmo
786 3183 930 3281 1111t0²)‚
949 3195 1038 3260 textu
1057 3190 1181 3283 scripto
1200 3213 1296 3260 manu
1309 3189 1502 3276 Michaelis,

299 3313 425 3384 diaconi
454 3318 488 3384 et
514 3313 630 3383 notarii
662 3313 765 3384 insule
791 3313 903 3386 Lemni
931 3315 1116 3400 domestici,
1150 3339 1262 3388 coram
1295 3316 1502 3413 subscriptis

297 3441 448 3513 testibus.

387 3567 456 3636 Leo
493 3566 607 3636 Presb.
644 3573 677 3636 et
712 3566 913 3660 Protopapes
950 3569 1143 3640 sanctissimi
1177 3569 1503 3666 Archiepiscopatus

299 3717 436 3790 presens
455 3693 497 3763 ad
515 3716 652 3787 presens
670 3694 875 3764 donatorium
894 3703 1110 3768 commentum
1131 3705 1165 3769 et
1181 3700 1276 3770 testis
1296 3699 1501 3795 subscripsi.

389 3819 556 3892 iohannes
574 3821 688 3890 Prcsb.
708 3827 743 3891 et
761 3821 969 3893 Deutereron
991 3823 1170 3896 biodranos
1196 3832 1230 3898 et
1252 3828 1324 3920 ipse
1351 3851 1505 3920 presens

301 3947 447 4018 similiter
466 3950 499 4014 et
521 3945 615 4015 testis
633 3971 678 4015 ss.

341 4190 367 4264 ¹)
387 4209 424 4246 se.
438 4198 627 4245 commento
641 4189 779 4245 ananie?

337 4281 365 4355 ²)
386 4281 463 4336 Corn.
486 4281 607 4335 adnotat:
635 4279 781 4350 dependam
801 4281 915 4336 senemr
936 4299 1011 4338 anno
1038 4286 1250 4352 scoemillcsinno,
1276 4293 1504 4359 sexcentesimo,

385 4371 599 4446 quudrspcaimo
624 4375 734 4442 quomo.
761 4373 837 4428 Aera
858 4377 899 4427 cst
925 4372 1087 4446 cpolitano,
1111 4381 1137 4431 et
1161 4397 1255 4434 annus
1276 4399 1341 4436 oeroe
1363 4383 1506 4454 culparis

389 4462 486 4526 1136,
505 4463 555 4536 qui
575 4462 661 4515 etium
680 4461 827 4530 insignitus
848 4463 992 4518 incedebat
1010 4465 1164 4522 indictione
1182 4470 1264 4524 XIV.
1290 4473 1374 4542 Addit
1397 4475 1505 4532 deinde

389 4553 466 4608 Corn.
481 4553 634 4607 bticbasiem
647 4552 804 4623 bequiennm
818 4553 863 4608 Or.
875 4554 965 4608 christ.
978 4555 1008 4609 T.
1021 4557 1041 4620 1,
1055 4575 1080 4627 p.
1094 4557 1157 4613 act.
