3110 5076
408 371 685 424 tosssrsnssssrar
698 385 863 424 seonarras.
1149 353 1225 426 215

142 539 214 630 ligo
234 540 417 624 Gonrndus,
436 565 494 612 rex
507 541 784 634 ierosolymorum
802 539 937 622 electus,
957 539 1063 610 omnin
1081 538 1229 634 predicta

65 685 125 734 mes
142 665 382 760 subscriptione
396 669 481 762 jussi
502 669 696 739 confirmari.

140 793 215 887 ugo
233 793 432 890 Plrylyppus,
453 820 510 867 rex
529 797 745 880 Francorum,
771 795 876 866 omnin
895 791 1041 889 predicta
1060 814 1131 862 mea
1150 789 1230 861 sub·

63 919 231 1014 scriptione
245 922 330 1014 jussi
350 921 544 994 confirmari.

143 1049 215 1142 Ego
234 1047 430 1142 Phylyppus,
456 1073 566 1120 comes
587 1049 747 1134 Flandrio,
772 1048 877 1123 omnia
896 1045 1043 1141 predicta
1062 1067 1132 1116 mea
1151 1043 1232 1116 sub·

62 1172 233 1265 scriptione
247 1175 332 1266 jussi
351 1175 546 1246 continuari.

141 1301 217 1393 ugo
236 1299 381 1384 Raullus,
400 1323 512 1372 comcs
532 1302 749 1385 clarimontis,
774 1303 879 1374 omnia
898 1301 1045 1396 predicta
1064 1321 1133 1370 moa
1152 1299 1233 1370 sub·

64 1425 231 1518 scriptione
246 1427 332 1520 jussi
352 1427 546 1499 confirmari.

14 1629 15 1640 ,
144 1553 217 1646 Ego
234 1549 344 1646 ll'ugo,
360 1553 423 1625 dux
432 1553 632 1648 Burgundio,
647 1555 753 1626 omnia
762 1555 909 1651 predicta
917 1574 988 1624 mea
997 1553 1234 1646 subscriptione

59 1678 134 1768 jussi
155 1681 351 1751 confirmari.

145 1806 220 1899 Ego
239 1807 447 1900 Lpppolrlus,
473 1807 535 1879 dux
555 1808 756 1892 d'0sterico,
775 1809 881 1880 omnia
900 1807 1047 1902 prodicta
1066 1827 1136 1877 mes
1155 1806 1235 1876 sub·

63 1933 232 2025 scriptione
247 1934 334 2027 jussi
352 1933 547 2006 confirmari.

143 2061 217 2152 Ego
246 2061 352 2144 llclis,
382 2061 529 2132 dominus
557 2059 667 2131 militie
693 2061 834 2154 Templi,
869 2059 1094 2144 senescalcus,
1129 2060 1238 2130 omnia

14 2233 16 2280 ,
61 2186 201 2277 predicta
221 2210 292 2256 mea
312 2187 551 2280 subscriptione
565 2187 651 2280 jussi
670 2187 865 2258 confirmari.

14 2315 16 2356 l
143 2311 218 2406 Ego
250 2313 430 2406 Rogerius,
465 2336 602 2406 magnus
630 2313 806 2407 Hospitalis
834 2320 1029 2406 preceptor,
1058 2335 1128 2383 mee
1156 2313 1237 2383 sub·

14 2421 15 2432 ¹
62 2439 235 2533 scriptione
253 2442 361 2511 omnia
380 2440 530 2535 predicta
545 2440 630 2534 jussi
649 2441 843 2510 confirmari.

214 2566 289 2637 Dat.
319 2568 351 2638 in
380 2566 560 2638 ohsedione
586 2567 841 2639 Christianorum
875 2567 998 2638 Acconis
1034 2589 1094 2660 per
1124 2589 1236 2637 manus

62 2690 203 2776 Baudini,
222 2693 343 2764 domini
362 2693 558 2765 Marchionis
577 2693 770 2778 cancellarii,
790 2694 929 2787 septimo
948 2693 1038 2765 lovis
1057 2693 1129 2764 llai.

580 2873 730 2946 exxvu.

67 3013 188 3078 ioannes
216 3015 371 3094 larastrn,
401 3015 576 3078 Procurator
607 3017 638 3078 Ιι
671 3015 924 3098 constantinopoli
957 3033 1046 3098 super
1075 3015 1240 3080 rellltltas

68 3120 221 3187 munais
242 3123 385 3193 lenatia,
408 3125 597 3188 securitatem
619 3123 691 3188 tacit
711 3123 818 3188 lauat
840 3125 878 3188 ola
898 3123 1006 3188 lanata
1027 3125 1064 3190 to
1089 3125 1240 3189 salutans

581 3232 725 3295 torrattcl.

14 3385 16 3508 p
439 3353 472 3407 Α.
485 3353 512 3406 (l.
527 3351 653 3425 ll⁰t['?],
667 3369 700 3406 m.
714 3353 873 3408 Novembris.

14 3509 15 3542 ,
149 3466 191 3532 Ex
206 3464 401 3550 Autogrepho
418 3465 449 3528 in
464 3463 593 3530 Archino
611 3464 783 3528 monasterii
794 3463 827 3527 S.
840 3463 1021 3546 Euphemiae
1033 3463 1071 3528 do
1089 3464 1242 3546 Majorbio.

14 3573 16 3684 ἑ
72 3571 348 3638 El.Flsminius
365 3572 623 3637 Corneliusin
645 3571 764 3648 Ecclss.
782 3571 856 3660 Vsu,
874 3571 940 3635 dcc.
958 3570 1006 3644 tv,
1024 3593 1053 3656 p.
1071 3573 1125 3638 82.

152 3727 187 3796 ln
214 3725 354 3800 namne
379 3725 507 3796 nonunt
531 3725 590 3795 ner
615 3731 648 3795 ct
671 3721 849 3796 Sarnous
877 3701 980 3794 iosos
1008 3725 1087 3795 ress
1114 3725 1245 3796 cursu

14 3839 16 3946 ἶ
74 3849 158 3924 Anno
177 3854 306 3925 Domini
328 3851 498 3923 lllillesimo
519 3849 702 3922 Centesimc
722 3845 942 3946 Nonagesimo
963 3851 1101 3938 Quarto,
1129 3853 1247 3924 lllensis

14 3959 16 4082 Ξ
76 3973 236 4065 Νθῐθῐιὼ.,
255 3979 371 4051 ludici.
392 3977 462 4048 XIV
473 3969 514 4070 ¹).
545 3978 806 4048 Consrmrrnorour.

155 4106 286 4178 Plenam
318 4113 352 4177 et
383 4105 628 4176 irrevocabilem
660 4103 868 4174 securitatem
905 4103 990 4183 facio
1023 4127 1088 4198 ego
1121 4106 1249 4199 quidem

14 4189 16 4342 i
76 4230 229 4304 lohannes
247 4234 405 4305 Barastro
427 4231 469 4302 de
488 4209 627 4303 confinio
644 4230 681 4301 S.
701 4230 907 4323 Margaritae,
928 4231 1129 4303 Procurator
1146 4231 1200 4302 lric
1218 4232 1249 4301 in

113 4477 137 4548 ¹)
156 4481 205 4536 luc
217 4481 243 4534 in
255 4498 332 4540 anno,
351 4482 398 4534 aut
408 4479 434 4532 in
446 4477 589 4532 indictione
602 4479 716 4532 erratum
728 4475 868 4568 putareris,
882 4477 930 4531 nisi
943 4477 1016 4548 quod
1027 4477 1078 4532 hoc
1096 4495 1208 4532 excuses
1220 4493 1252 4531 ox

155 4571 220 4642 ipsa,
231 4587 292 4642 quea
304 4570 435 4642 aequitum,
447 4568 557 4624 raucos.
