3110 5076
431 373 671 434 Cnnrsorunorun
685 379 792 436 lsaacu
805 382 865 440 lun.
1160 371 1235 444 197

142 547 239 618 ltem
266 547 402 619 comites
430 548 611 622 huiusmodi
639 551 805 646 galearum
842 553 964 624 debent
992 555 1099 626 iurare
1136 576 1236 648 super

61 679 165 744 macta
183 673 236 744 dei
255 675 444 768 euangelia,
471 677 559 771 qnod
578 679 617 748 in·
629 702 691 750 nna
711 703 838 776 quaque
857 705 966 752 earum
986 687 1081 752 erunt
1105 689 1236 752 centurn

62 800 267 896 quadraginta
287 802 450 888 homines,
471 805 497 874 si
517 811 567 878 tot
585 807 748 878 bomurum
768 831 851 902 roga
871 810 917 880 eis
937 809 1011 880 data
1031 809 1147 892 luerit,
1177 831 1234 878 ex·

62 929 157 1024 ceptis
197 924 440 1022 mouentibus¹)
482 938 515 1004 et
551 934 621 1004 sine
665 935 785 1006 noticia
831 959 943 1008 eorum
982 935 1234 1028 aufugientibus.

63 1055 171 1128 llernrn
189 1065 297 1128 omen
322 1060 459 1130 comites
478 1059 694 1144 festinabunt,
721 1060 807 1135 bona
825 1063 889 1134 lide
910 1086 1105 1156 recuperare
1129 1061 1237 1133 datam

64 1185 105 1255 cis
127 1207 261 1279 rogam;
291 1193 325 1257 ct
349 1189 376 1256 si
401 1209 471 1258 eam
498 1211 695 1280 recuperare
718 1195 874 1284 possunt,
899 1189 1053 1262 inducent
1071 1189 1152 1260 alios
1172 1211 1232 1282 pro

64 1311 106 1382 cis
118 1313 148 1383 in
160 1313 272 1406 galeas
287 1337 410 1398 eorum,
431 1315 484 1386 uel
498 1315 637 1388 reddent
656 1340 726 1388 eam
745 1317 865 1388 bomini
880 1317 998 1388 domini
1015 1317 1234 1410 lmperatoris.

145 1443 244 1512 ltern
271 1441 422 1512 iurabunt
441 1443 595 1524 comites,
626 1445 713 1536 quod
736 1445 920 1516 uniuersum
941 1449 1130 1538 apparatum
1160 1441 1237 1535 ipsis

64 1567 205 1638 traditum
223 1569 409 1640 conducent
423 1569 464 1640 ad
482 1569 641 1642 honorem
657 1571 786 1664 lmperij
802 1594 914 1643 eorum
930 1578 963 1643 et
984 1572 1120 1643 salntem
1133 1571 1236 1640 nostri

63 1687 180 1784 stoli²).
201 1695 356 1766 Homines
371 1703 479 1766 antem
492 1697 661 1791 galearum
679 1699 776 1770 talem
796 1699 918 1772 debent
936 1723 1053 1792 rogam
1071 1699 1236 1792 accipere,

64 1823 180 1913 qualern
199 1823 345 1895 Venetici
365 1824 452 1917 apud
471 1825 657 1918 Gorypbnm
677 1827 892 1920 accipiebant.

4 2007 5 2038 ;
145 1953 239 2021 ltem
259 1957 304 2034 et,
325 1951 352 2022 si
371 1952 540 2044 lmperinm
557 1973 669 2022 eornm
688 1952 830 2025 uoluerit
848 1955 880 2026 in
899 1976 1033 2025 numero
1053 1949 1236 2022 buiusmodi

4 2105 5 2108 ¹
63 2085 182 2149 centurn
199 2080 366 2172 galearum
380 2080 547 2152 seruitium
561 2079 792 2154 veneticorum
811 2083 842 2152 in
862 2089 937 2186 tota
951 2083 1104 2152 Romania
1121 2081 1236 2150 innen-

62 2209 176 2288 torunr‚
204 2207 304 2280 debet
322 2207 399 2292 illud
417 2207 538 2280 babere
558 2230 630 2278 cunr
650 2215 699 2280 tot
717 2209 843 2281 scilicet
866 2210 987 2302 galeis,
1013 2215 1096 2303 quot
1120 2206 1236 2278 armari

60 2337 208 2425 poterunt
226 2335 267 2405 dc
281 2336 420 2407 inuentis
434 2335 579 2418 Venetis,
599 2359 638 2405 ex
652 2345 793 2428 quatuor
806 2337 909 2410 tribus
924 2339 954 2408 in
970 2337 1082 2434 galeas
1097 2335 1235 2406 indoctis

62 2461 231 2532 secundum
254 2485 420 2534 numerum
444 2465 650 2534 inuentorum
671 2461 899 2534 veneticorum
924 2489 996 2534 curn
1016 2471 1050 2536 et
1068 2463 1236 2532 manifesta

62 2611 147 2681 roga.
178 2589 297 2661 Verum
316 2599 507 2663 tamennon
527 2596 689 2684 cogentur
708 2591 831 2683 galleas
849 2591 975 2684 ingredi
996 2590 1109 2683 uiginti
1130 2609 1234 2657 anno·

62 2737 123 2786 mna
141 2717 290 2788 bomincs
309 2719 454 2802 etiaim,
475 2741 580 2812 neque
598 2718 766 2810 sexaginta
785 2740 942 2788 annorum
962 2723 996 2787 et
1013 2715 1108 2786 ultra.

142 2844 256 2916 Stolus
280 2851 388 2917 autern
413 2851 528 2917 noster
552 2845 753 2939 capitaneum
777 2844 829 2914 uel
854 2843 1043 2938 capitaneos
1063 2841 1236 2912 Veneticos

63 2967 151 3042 debet
177 2971 317 3056 babere,
347 2974 399 3070 qui
429 2979 463 3044 et
487 2973 595 3044 iurare
618 2971 753 3062 debent,
786 2972 873 3065 quod
893 2971 1078 3044 conducent
1102 2967 1235 3040 eumad

63 3095 212 3169 bonorem
236 3099 365 3195 lmperij
389 3121 503 3172 eorum
528 3105 560 3170 et
583 3098 719 3170 salutern
738 3099 841 3168 nostri
860 3091 991 3190 stoli³)‚
1010 3097 1096 3168 bona
1119 3095 1182 3165 lide
1205 3101 1238 3166 et

64 3221 124 3294 siue
140 3227 271 3310 fraude,
301 3225 467 3319 usquead
493 3226 613 3296 stolum
638 3225 838 3296 celsitudinis
863 3249 987 3296 eorum.
1017 3224 1060 3295 Et
1079 3225 1105 3294 si
1130 3223 1235 3294 stolus

64 3357 182 3434 noster,
212 3359 382 3447 antequam
401 3352 530 3446 lmperij
551 3373 663 3422 eorum
682 3352 767 3424 stolo
788 3353 932 3436 uniatur,
961 3352 1098 3445 aliquem
1118 3349 1236 3420 stolum

64 3474 168 3550 inimici
187 3480 316 3572 lmperij
332 3503 446 3551 eornm
459 3482 630 3564 inuenerit,
651 3487 684 3552 et
703 3503 774 3552 cum
790 3480 957 3550 ollendere
975 3480 1028 3550 uel
1049 3500 1237 3572 expugnare

8 3625 10 3720 p
65 3603 206 3688 noluerit,
225 3607 324 3678 laciet
337 3607 385 3679 sic
399 3609 469 3678 sine
482 3607 598 3680 fraude
618 3613 650 3678 et
670 3606 752 3677 malo
771 3606 903 3699 ingenio
918 3605 1036 3698 aliquo.
1062 3606 1238 3696 Postquam

65 3753 133 3804 uero
161 3733 269 3804 stolus
300 3741 413 3806 noster
440 3735 526 3806 stolo
555 3733 731 3828 lmperialis
760 3733 959 3804 celsitudinis
988 3733 1095 3804 unitus
1123 3731 1236 3808 luerit,

8 3869 11 4004 Ι
67 3858 176 3934 debent
197 3865 358 3934 numerari
378 3862 537 3947 bomines,
565 3865 618 3956 qui
637 3863 669 3931 in
687 3860 792 3955 galeis
812 3867 919 3944 erunt,
941 3862 1145 3955 ecapitaneo
1163 3858 1238 3930 stoli

67 3988 179 4082 lnpcrii
206 4013 337 4074 eornm,
363 3991 389 4060 si
414 3991 484 4084 ipse
502 3989 661 4062 uoluerit:
693 3995 726 4058 ct
751 3987 872 4060 inuenti
892 3987 1020 4080 quidem
1046 3978 1181 4076 erunt⁴)
1205 3987 1237 4056 in

68 4119 186 4190 seruitio
206 4117 406 4189 celsitudinis
425 4139 555 4198 eorum;
584 4117 735 4188 absentes
755 4139 835 4186 uero
853 4115 939 4186 bona
958 4113 1021 4185 lide
1040 4113 1239 4184 festinabunt

67 4245 210 4337 reperire,
230 4247 258 4316 si
277 4251 427 4340 possunt,
447 4267 679 4338 numerumque
698 4241 861 4337 supplere.
892 4242 1029 4336 lnsuper
1048 4241 1237 4335 capitaneus

72 4417 378 4434 -ᾕ-ῇ-

88 4505 110 4580 ¹)
127 4512 350 4567 morientibus
370 4510 402 4567 bl.
697 4507 725 4582 ¹)
745 4508 826 4563 stoli
845 4523 895 4563 om.
909 4507 942 4562 ll.

87 4593 110 4671 ¹)
126 4603 214 4656 salos
233 4606 349 4656 nostra
369 4602 450 4657 stoli
470 4603 503 4656 bl.
695 4601 724 4674 ⁸)
745 4601 891 4674 [acap-
905 4598 1017 4670 eraut]
1029 4599 1098 4653 llaec
1109 4597 1196 4654 omisit
1207 4599 1239 4654 bl.
