3110 5076
355 384 447 440 Erxsr.
460 385 555 440 lrruoc.
567 383 601 438 lll
613 401 649 438 nx
662 399 749 438 nxcno
763 399 793 438 m
807 384 984 439 stxcrnos.
1181 371 1255 443 233

85 555 321 626 ministrabunt.
366 555 410 627 Ut
442 563 550 628 autem
584 557 762 650 expeditius
796 562 828 628 st
859 557 1005 628 securius
1039 555 1079 625 ad
1116 553 1258 626 subven-

85 684 206 754 tionem
230 689 338 756 terras
362 683 537 755 nativitatis
555 683 742 756 Dominicac
761 682 896 776 quilibet
921 685 1145 777 accingantur,
1173 684 1259 754 bona

85 811 217 906 insuper
233 813 390 907 ipsorum,
410 836 448 884 ex
468 836 531 907 quc
551 835 682 886 crucem
701 811 916 906 susceperint,
936 813 996 883 sub
1015 811 1102 883 beati
1120 813 1208 882 Petri
1227 819 1261 883 et

86 944 197 1010 nostra
222 941 427 1034 protectione
447 940 655 1035 suscipimus,
680 961 742 1010 nec
766 962 831 1010 non
851 945 885 1010 et
902 939 963 1009 sub
983 937 1259 1034 drcbiepiscopo·

85 1089 155 1137 rum
180 1072 215 1137 et
239 1067 378 1138 omnium
403 1067 624 1138 Praelatorum
652 1065 820 1138 Ecclesiae
845 1065 905 1136 Dei
933 1065 1122 1138 defensione
1149 1066 1261 1136 consi·

85 1199 188 1276 staut;
207 1200 400 1274 statuentes,
421 1201 470 1276 ut,
493 1195 599 1266 donec
620 1193 661 1265 de
680 1196 824 1287 ipsorum
844 1193 933 1264 obitu
949 1193 1000 1264 vel
1020 1193 1128 1264 reditu
1142 1193 1259 1263 certis-

86 1322 164 1392 sime
184 1329 418 1416 cognoscatur,
438 1323 565 1416 integra
585 1327 734 1392 maneant
749 1327 783 1392 ct
802 1321 909 1414 quieta
923 1323 1115 1392 consistant.
1137 1318 1260 1406 Quodsi

86 1449 255 1542 quisquam
283 1457 397 1520 eontra
424 1449 695 1543 praesumpserit,
723 1471 979 1542 percensuram
1006 1448 1261 1518 eeclesiasticam
1314 1447 1319 1457 “

86 1575 302 1670 appellatione
316 1577 499 1672 postposita
513 1582 751 1670 compescatur.
772 1573 808 1644 Si
823 1576 876 1670 qui
895 1598 971 1646 vero
990 1575 1263 1668 proficiscentium

85 1703 160 1774 illuc
188 1704 228 1775 ad
254 1704 453 1799 prestandas
479 1727 593 1774 usuras
618 1704 805 1795 juramento
832 1709 988 1774 tenentur
1015 1704 1156 1784 astricti,
1189 1725 1260 1784 vos,

85 1829 207 1902 iratres
222 1831 466 1926 drcbicpiscopi
487 1838 521 1902 et
539 1830 702 1925 Episcopi,
722 1853 782 1925 per
801 1837 926 1902 vestras
945 1829 1096 1902 dioceses
1115 1829 1261 1900 credito·

85 1981 287 2044 coecorum,
314 1959 442 2032 sublato
461 1957 685 2054 appellationis
712 1957 901 2042 obstaculo,
928 1958 1041 2030 cadem
1060 1957 1261 2029 districtione

1 2185 2 2190 ἵ
86 2089 228 2180 cogatis,
248 2094 286 2158 ut
304 2111 362 2158 eos
382 2111 401 2160 a
419 2093 624 2158 sacramento
644 2087 773 2180 penitus
792 2086 1011 2169 absolventes,
1031 2086 1071 2156 ab
1090 2108 1260 2157 usurarum

1 2235 2 2240 ’
85 2213 222 2285 ulterius
247 2216 413 2286 exactione
437 2215 606 2286 desistant.
642 2213 765 2300 Quodsi
792 2214 957 2308 quisquam
983 2213 1179 2284 creditorum
1205 2235 1263 2282 eos

83 2342 125 2412 ad
140 2343 337 2414 solutionem
356 2343 506 2435 codgerit
530 2365 716 2422 usurarum,
742 2365 817 2412 eum
835 2341 877 2414 ed
895 2343 1133 2413 restitutionem
1153 2363 1262 2412 earum

34 2514 38 2518 -
85 2471 213 2540 sublato
253 2468 475 2564 appellationis
514 2468 639 2540 obstac.
680 2468 882 2540 districtione
921 2469 1012 2540 simili
1050 2469 1261 2563 compellatis.

83 2598 228 2669 ludaeos
247 2619 323 2667 vero
344 2597 385 2666 ad
404 2596 613 2667 remittendas
642 2596 720 2690 ipsis
745 2619 861 2667 usuras
879 2619 940 2690 per
963 2619 1033 2681 vos,
1059 2595 1114 2690 lilij
1133 2596 1259 2667 Princi-

83 2749 165 2820 pes,
195 2731 230 2796 ct
248 2724 429 2796 secularem
454 2723 603 2819 compelli
626 2723 840 2817 praecipimus
864 2729 1075 2818 potestatem
1105 2731 1139 2794 et
1157 2723 1262 2794 donec

86 2875 141 2924 cas
161 2852 362 2936 remiserint,
390 2851 430 2922 ab
448 2851 606 2922 universis
626 2851 745 2924 Christi
764 2851 928 2937 fidelibus,
954 2858 1019 2923 tam
1038 2853 1071 2922 in
1090 2851 1262 2922 mercimo-

82 2981 155 3064 niis,
176 3003 271 3074 quam
291 2981 374 3064 aliis,
398 3003 459 3074 per
477 2979 816 3052 excommunicationis
835 2982 1028 3053 sententiam
1047 2981 1094 3050 eis
1109 2979 1262 3072 jubemus

83 3109 341 3180 communionem
361 3108 576 3180 omnimodam
596 3107 760 3202 denegari.
794 3107 844 3180 lh
863 3107 928 3180 boc
946 3109 1047 3203 igitur
1066 3131 1167 3202 opere
1186 3106 1260 3177 nul-

82 3235 134 3308 lus
153 3238 284 3309 omnino
305 3261 340 3308 se
359 3235 539 3320 subtrahet,
560 3258 633 3306 cum
648 3234 680 3304 id
698 3257 763 3306 non
777 3259 795 3306 a
810 3237 914 3321 nobis,
934 3238 992 3308 sed
1011 3237 1050 3306 ab
1070 3238 1147 3332 ipsis
1166 3235 1264 3307 fuerit

1 3429 2 3440 ,
83 3365 253 3461 Apostolis
271 3366 461 3448 institutum,
481 3360 536 3458 qui
554 3362 709 3436 collectas
727 3365 889 3435 faciebant
906 3366 938 3435 in
959 3365 1121 3458 gentibus,
1140 3372 1176 3436 ut
1193 3364 1262 3434 fra·

1 3491 2 3536 ³
82 3493 188 3564 tribus
217 3493 250 3562 in
273 3492 469 3564 Hierusalem
494 3491 713 3564 laborantibus
736 3491 954 3563 subvenirent.
983 3492 1138 3563 Nolumus
1157 3497 1263 3563 autem

1 3601 2 3638 ⁴
82 3644 142 3692 ros
163 3619 206 3690 de
224 3620 326 3692 divina
345 3619 565 3692 misericordia
585 3620 771 3716 desperare,
792 3627 1071 3716 quantumcunque
1090 3620 1131 3690 sit
1149 3618 1262 3690 Domi-

83 3771 144 3820 nus
172 3750 318 3845 peccatis
346 3750 467 3821 nostris
495 3750 607 3836 iratus,
637 3750 711 3844 quin
739 3752 771 3819 in
796 3773 890 3819 manu
908 3755 1018 3820 vestra
1036 3749 1194 3843 perficiat,
1222 3747 1263 3831 si,

83 3885 184 3972 prout
200 3877 336 3960 debetis,
357 3878 387 3948 in
401 3877 577 3950 humilitate
592 3878 702 3950 cordis
722 3883 755 3948 ct
774 3877 923 3972 eorporis
942 3875 1004 3945 itcr
1022 3875 1148 3946 fueritis
1167 3897 1261 3970 pere·

84 4005 280 4097 grinationis
304 4007 474 4099 aggressi,
501 4005 588 4099 quod
611 4006 788 4100 majoribus
813 4025 878 4075 non
903 4005 1076 4076 concessit.
1113 4003 1262 4074 Consen-

84 4131 206 4202 sissent
241 4131 324 4202 enim
358 4134 499 4226 majores
532 4133 669 4202 forsitan
714 4138 748 4202 et
774 4131 945 4202 dixissent:
983 4155 1116 4218 „manus
1148 4135 1261 4201 nostra

85 4259 230 4341 excelsa,
263 4265 296 4330 et
322 4281 387 4331 non
414 4259 521 4342 Deus,
549 4260 626 4331 lecit
652 4258 733 4330 haec
759 4261 907 4342 omnia“;
935 4266 969 4332 et
993 4261 1071 4344 sibi,
1100 4281 1165 4329 non
1191 4259 1261 4328 Deo

84 4387 242 4458 victoriae
259 4385 397 4480 gloriam
415 4386 650 4480 ascripsissent.
679 4387 853 4482 Speremus
868 4388 964 4472 enim,
983 4385 1072 4479 quod
1089 4409 1154 4458 non
1168 4385 1200 4456 in
1215 4385 1264 4456 ira

86 4512 327 4586 misericordias
355 4515 542 4599 continebit,
571 4515 636 4608 qui,
665 4537 738 4586 cum
762 4517 863 4586 iratus
889 4521 948 4598 est,
977 4537 1043 4585 non
1063 4513 1263 4586 obliviscitur

86 4641 245 4727 misereri,
269 4663 329 4713 nos
348 4643 524 4714 admonens
544 4647 577 4713 et
594 4641 785 4714 exhortans:
822 4641 1066 4727 „convertimini
1084 4641 1126 4713 ad
1144 4665 1206 4728 me,
1229 4649 1263 4714 et
