3130 5078
300 327 379 399 498
559 365 567 377 -
711 331 849 388 Panrrrro
863 347 951 388 arum
966 331 1086 390 Ganrct.

300 503 483 567 Feraellc
493 498 529 585 ¹).
543 497 631 586 Etss,
640 497 712 584 Est)
721 499 850 586 puidam
858 499 999 576 Graecus,
1009 499 1065 586 poi
1074 505 1305 564 tenctcnstsusm
1317 496 1358 560 dc
1367 491 1496 560 Latri-

304 609 464 695 clatos)
484 616 520 692 ⁸ct
545 607 782 691 cantoriae),
807 613 838 671 et
856 609 957 694 plura
979 609 1047 672 ulio
1070 617 1165 694 atque
1186 615 1301 672 terras.
1327 607 1388 669 Eat
1403 603 1497 667 ctiam

302 720 386 782 alter
410 719 555 788 mono,
579 715 634 803 qui
654 712 937 800 sepnorinoos)
960 715 1151 787 nominatam,
1174 715 1229 802 qui
1250 719 1337 778 tenet
1360 721 1496 778 castum

300 826 342 892 dc
364 825 583 890 Sanos'cclo
606 825 654 888 dc
671 821 904 908 Castronio)
926 844 1024 910 super
1048 823 1180 908 flumine
1208 819 1497 904 Solcmhrs'm·)‚

328 1073 357 1146 7)
378 1073 663 1128 Sidarncsstrurn
683 1071 766 1128 nostri
786 1071 836 1126 loci
856 1073 926 1144 apud
941 1073 1087 1144 scriptores
1101 1071 1211 1126 Grecos
1225 1070 1341 1125 nondum
1354 1067 1501 1141 deppehen·

378 1163 474 1217 dimus.
487 1163 580 1229 Quare
593 1161 662 1216 hunc
675 1161 761 1216 locum
775 1179 860 1234 prope
873 1163 968 1216 Patras
981 1167 1008 1216 et
1021 1161 1196 1216 deoricium.
1211 1161 1333 1214 Forsitan
1346 1158 1497 1229 significan-

378 1257 423 1308 tur
435 1253 566 1324 angustias
579 1253 701 1323 quaedam
713 1252 784 1306 iuter
795 1253 931 1308 Boeotiam
945 1255 974 1307 ct
986 1254 1085 1315 Patras,
1099 1253 1124 1304 in
1138 1255 1211 1306 tsrra
1226 1251 1384 1312 Locrorum,
1403 1247 1500 1302 nominc

378 1343 479 1398 sicar
487 1346 622 1416 oporta,
634 1359 694 1415 quaa
706 1342 824 1397 Buchoni
837 1342 980 1407 sententia,
991 1359 1068 1414 qnam
1078 1343 1144 1397 citat
1153 1342 1352 1398 llunstmsnnus
1362 1340 1411 1393 l.c.
1425 1357 1451 1410 p.
1460 1340 1502 1396 li.

380 1437 435 1488 not.
449 1433 495 1488 dd.

329 1521 358 1595 ⁸)
379 1523 513 1578 Gitonis
532 1525 575 1576 ast
593 1522 725 1576 Zitonis
745 1521 882 1593 (zitunii),
904 1522 1068 1577 iahamias
1086 1525 1219 1582 ratarum,
1239 1523 1272 1574 ut
1288 1520 1371 1590 volgo
1392 1517 1501 1573 ridetur.

377 1612 417 1668 De
429 1613 479 1667 hac
492 1629 600 1684 quoque
612 1612 678 1666 urhe
691 1611 750 1664 ride
763 1615 879 1666 nostram
891 1611 1107 1666 Thessalonicam
1120 1627 1182 1682 pag.
1195 1611 1258 1665 489.

331 1700 360 1775 ⁰)
380 1702 562 1757 Gardiehia
582 1705 624 1756 ast
637 1701 803 1756 (lardicias
822 1701 996 1772 (Gardicim),
1009 1719 1095 1773 prope
1107 1700 1252 1763 zitnnium,
1270 1702 1301 1753 ut
1319 1697 1434 1759 ridetur,
1447 1697 1503 1750 coll.

377 1791 567 1848 Thessalonica
580 1807 644 1864 pag.
655 1791 810 1846 tae-sat.
829 1791 895 1845 Aliis
908 1791 935 1844 in
947 1791 1029 1844 Pindo
1043 1789 1187 1862 querenda
1199 1789 1342 1849 ridebitur,
1355 1787 1419 1842 coll.
1432 1787 1504 1840 Lirrc

382 1882 416 1937 do
429 1884 454 1938 la
468 1882 620 1952 Conqueste
634 1883 677 1936 ed.
692 1880 806 1936 Buchon.
818 1897 880 1952 pag.
893 1881 956 1936 los.

323 1971 363 2044 ¹⁰)
383 1971 535 2026 llonchie
548 1971 669 2043 corrupit
681 1971 805 2026 librarius
814 1987 846 2026 ax
855 1972 1056 2036 Domochirs,
1065 1969 1206 2026 Thaumaci
1216 1973 1344 2030 ratarum,
1359 1969 1459 2021 llomo
1468 1983 1503 2020 so

382 2062 467 2116 nostri
479 2060 536 2124 eri,
550 2061 613 2114 coll.
627 2060 718 2132 Spmh.
731 2061 802 2123 crit„
815 2059 961 2114 Comment.
975 2061 1007 2114 ll.
1027 2061 1129 2132 Eapllo.
1142 2077 1182 2114 nr.
1194 2060 1240 2113 44.
1252 2059 1296 2113 sc.

335 2149 363 2223 ¹)
382 2153 433 2206 Pro
445 2151 600 2206 llsrsslle
618 2150 700 2204 sorihi
713 2154 789 2204 certa
801 2151 917 2206 dshahal
937 2151 1117 2214 Farsallra,
1138 2149 1280 2212 Pharsalsa,
1299 2147 1420 2202 Pharsali
1434 2151 1504 2200 rats-

381 2258 448 2294 ruru.
469 2241 628 2312 Saepiusque
639 2240 771 2295 Domoous
784 2243 812 2294 at
824 2241 965 2296 Pharsalus
975 2241 1134 2311 junguntur,
1147 2241 1209 2294 coll.
1224 2238 1314 2312 Symh.
1329 2239 1401 2293 crilt.
1411 2239 1429 2291 l.
1439 2255 1502 2291 e.-

382 2331 416 2386 llt
427 2331 484 2386 hac
497 2330 605 2401 quidem
618 2329 804 2385 Cottianorum
817 2331 970 2386 Thessalica
987 2331 1053 2385 ditio
1071 2330 1135 2392 tuit,
1156 2345 1217 2401 qna
1234 2330 1345 2383 maxime
1363 2329 1504 2399 marginem

384 2423 462 2475 terrae
481 2419 678 2474 meridionalem
697 2423 836 2490 spectasse
858 2420 962 2474 ridetur
982 2419 1071 2492 (circa
1084 2418 1219 2474 lislltdam
1232 2417 1353 2490 humen).
1374 2435 1432 2472 cum
1443 2435 1504 2488 para

381 2510 525 2567 Thessalia
542 2511 621 2579 longe
639 2509 724 2580 major
742 2508 802 2562 aliis
820 2509 954 2580 paruerit,
978 2509 1040 2564 ccll.
1054 2525 1131 2583 ssqq.
1157 2510 1319 2580 Necpatram
1332 2525 1396 2562 raro
1409 2508 1506 2580 princi-

382 2602 469 2673 palaru
490 2617 581 2655 sorum
599 2599 635 2654 ihi
653 2601 744 2654 urhem
757 2599 841 2654 luisse
854 2601 1010 2664 statuimus;
1029 2604 1058 2654 st
1070 2605 1164 2655 nostm
1177 2615 1285 2672 quoque
1297 2613 1354 2654 asro
1365 2598 1505 2668 ltsopatra

383 2691 503 2746 Ducatus
515 2689 593 2744 titulo
606 2705 688 2760 regas
702 2689 833 2760 llispaniss
846 2690 885 2744 uti
899 2690 1025 2744 dicuntur
1037 2690 1150 2762 (llopl‚
1171 2691 1188 2743 l.
1202 2707 1226 2744 c„
1238 2706 1301 2762 pag.
1315 2688 1377 2760 aa).

335 2780 365 2854 Ι)
384 2781 463 2851 Apud
487 2781 647 2851 hncnpmum
671 2779 763 2834 Sanuti
788 2781 938 2850 sequnntur
959 2780 1074 2836 ditiones
1096 2781 1266 2853 dynastarum
1285 2780 1453 2841 (incorum,
1475 2779 1507 2832 de

382 2869 479 2942 quihus
492 2869 669 2940 Nicephorum
682 2869 828 2937 Gregnrarn
841 2887 922 2940 snpra
936 2867 1052 2924 locutum
1065 2869 1141 2924 rides
1154 2869 1171 2924 l.
1182 2887 1206 2924 c.
1224 2869 1334 2924 Nomius
1346 2869 1506 2940 singulorum

382 2962 475 3015 horum
495 2959 644 3030 principum
658 2973 726 3014 nune
739 2959 849 3014 maxims
861 2975 909 3014 nes
923 2959 1017 3014 latent.
1030 2989 1066 2999 —
1087 2959 1289 3014 Latriahala
1303 2961 1344 3014 cst
1358 2959 1505 3018 Tricala.

381 3049 479 3104 'l'ricca
492 3053 619 3111 ratarum,
632 3049 693 3103 coll.
707 3047 797 3122 Symh.
810 3049 891 3112 mitt,
905 3049 1049 3104 Commeat.
1063 3051 1095 3104 ll.
1114 3050 1215 3122 Explic.
1229 3067 1268 3105 ur.
1280 3051 1325 3104 43.

335 3139 364 3213 ⁸)
385 3139 431 3195 Oa
442 3138 567 3194 storia
585 3139 612 3191 in
630 3138 786 3194 llsccdonia
804 3139 962 3194 occidentali
977 3140 1059 3210 quaeri
1074 3139 1169 3202 dehet,
1189 3140 1259 3211 apud
1273 3140 1359 3194 lacum
1372 3139 1506 3209 cognomi-

385 3247 459 3294 nem,
478 3229 540 3284 coll.
554 3229 602 3283 Via
620 3233 711 3283 nostra
731 3230 857 3300 Egnatia,
876 3229 1020 3285 comnena
1035 3233 1060 3293 1,
1081 3246 1143 3302 pag.
1157 3231 1202 3285 43.
1221 3232 1311 3301 Atque
1325 3230 1387 3285 alibi
1402 3247 1505 3302 qnoque

384 3321 505 3377 Castoria
523 3337 583 3375 cum
596 3321 701 3376 Tricala
718 3321 854 3390 jungitur,
873 3323 934 3375 coll.
949 3321 1161 3394 Chalcoccndyla
1179 3338 1240 3394 pag.
1253 3323 1298 3384 29,
1317 3323 1331 3377 1
1353 3323 1397 3376 ed.
1412 3323 1503 3377 Bona:

383 3413 436 3466 Καὶ
448 3412 481 3464 τὰ
494 3409 561 3482 ἀμφὶ
573 3412 671 3483 Τρίκην
685 3411 718 3482 (Ι.
732 3411 862 3484 Τρίκκην)
875 3413 919 3465 καὶ
931 3411 1090 3484 linoropicra.

336 3502 365 3574 ⁴)
385 3501 557 3573 signorini
577 3517 670 3554 nomen
688 3501 777 3555 italice
795 3505 886 3566 sonat,
905 3519 956 3556 non
973 3517 1075 3571 gomer,
1094 3519 1154 3558 cum
1173 3505 1260 3556 tamen
1272 3502 1334 3573 ipss
1346 3503 1387 3555 rir
1400 3501 1504 3556 Grecos

383 3591 499 3646 dicatur.
517 3591 648 3646 lntallsait
661 3590 759 3646 Noster
776 3591 866 3648 forsan
884 3609 978 3645 nornen
990 3592 1129 3663 dignitatis
1143 3609 1193 3664 pro
1206 3593 1265 3664 ipso
1278 3591 1390 3646 hominis
1404 3591 1503 3645 nonina

383 3679 523 3750 gentilitio,
537 3680 559 3734 si
572 3679 679 3752 quidam
693 3680 831 3735 dicebatur
845 3680 981 3743 δεσπότης,
995 3679 1225 3754 σεβαστοκράτωρ,
1239 3683 1279 3736 rel
1293 3679 1426 3736 similiter.

336 3771 365 3844 ι)
385 3771 468 3842 Hujus
487 3769 538 3826 loci
555 3770 658 3826 nomina
674 3769 769 3824 misere
781 3771 924 3842 depravata
939 3787 998 3825 csse
1011 3775 1097 3842 patet.
1117 3773 1183 3826 Utut
1200 3776 1288 3827 tamen
1302 3771 1336 3826 da
1349 3771 1391 3832 his
1404 3770 1505 3842 legendi

383 3861 508 3915 monstris
528 3863 640 3922 statuas,
661 3864 764 3914 carlum
776 3864 864 3916 tamen
878 3861 991 3924 ridetur,
1005 3863 1167 3933 hnonpmum
1180 3879 1232 3916 non
1245 3863 1279 3916 de
1293 3863 1398 3916 duobus
1413 3860 1506 3916 castris

385 3951 468 4023 loqui,
481 3951 528 4006 sed
541 3951 575 4004 de
587 3967 639 4004 uno
654 3955 752 4014 castro,
766 3955 795 4005 et
807 3951 914 4022 quidam
926 3952 952 4005 in
964 3951 1030 4024 ipsis
1043 3953 1122 4007 Penei
1137 3953 1322 4025 (Salambria)
1336 3952 1408 4007 llurii
1421 3951 1504 4007 fauci-

385 4043 435 4095 hus
459 4041 557 4112 posito.
586 4041 658 4109 Ergo
685 4058 733 4112 pro
759 4041 851 4094 insano
877 4041 1062 4096 Sannicolo
1092 4043 1132 4096 de
1161 4041 1320 4096 Custiuni
1351 4043 1414 4111 lege
1446 4044 1505 4097 San

385 4129 506 4184 Nicolc
526 4129 566 4182 de
585 4129 769 4183 hiccstcmi
789 4129 988 4203 (Lycastoruo).
1009 4132 1170 4203 Urbiumqua
1188 4131 1267 4186 medii
1285 4129 1333 4185 cri
1353 4149 1430 4186 unam
1444 4133 1506 4186 alte·

386 4235 496 4290 tamque
516 4220 555 4272 sic
577 4220 733 4274 nominatam
756 4222 785 4272 st
805 4220 981 4290 significatam
1000 4222 1084 4276 luiass
1103 4223 1217 4284 scimus,
1235 4224 1265 4275 ut
1285 4221 1379 4274 Sancti
1399 4221 1505 4291 alicujus

386 4327 480 4365 noman
501 4309 587 4382 primo
608 4311 668 4364 loco
691 4313 840 4381 poneretur.
863 4311 937 4366 urhis
956 4313 1084 4367 secundo.
1110 4313 1155 4368 Sic
1178 4311 1319 4368 dicebatur
1340 4312 1370 4366 S.
1393 4312 1504 4367 Joauues

386 4401 499 4457 Acconis
521 4398 641 4472 (hocca,
658 4401 831 4473 Ptolemais);
854 4402 883 4456 S.
901 4403 1034 4474 Georgius
1053 4403 1138 4478 hhydi
1161 4403 1303 4476 (Abydus,
1325 4401 1428 4476 Asido)
1441 4405 1503 4456 cett.

385 4491 497 4562 lpsaqus
510 4496 618 4544 sanctus
630 4491 755 4546 Nicolaus
770 4493 847 4547 variis
860 4493 927 4547 locis
940 4497 1151 4565 proponebatur,
1164 4511 1188 4548 a.
1201 4511 1228 4564 g.
1240 4493 1403 4548 Venetorum
1416 4493 1502 4547 insulas
