3130 5078
98 405 101 412 .
218 337 220 343 ’
279 324 354 396 536
513 333 681 388 lrvnoonurrr
693 333 727 388 lll
739 349 875 388 namneus
890 349 927 386 an
940 333 1031 388 Rern.
1044 333 1214 388 Danuuius.

276 505 454 589 roborare,
481 505 567 576 scire
587 527 647 574 nos
666 504 795 588 volens,
823 510 858 574 nt
883 503 983 597 ipsius
1003 503 1109 574 verbis
1132 496 1315 594 utamur),
1346 501 1457 595 „quod

278 654 351 701 cum
370 636 548 702 memorato
567 632 658 702 Duce
678 654 716 702 ac
737 630 867 702 Venetis
893 631 1010 700 bonam
1036 631 1225 702 societatem
1244 629 1405 700 habuerat
1422 636 1458 698 et

277 757 422 842 fidelem,
442 764 476 828 et
496 781 554 828 eos
574 765 807 851 cooperatores
827 757 1040 849 probissimos
1060 763 1094 828 et
1112 756 1265 828 efficaces
1284 755 1327 828 ad
1346 755 1457 825 bono-

279 907 348 954 rem
367 883 427 953 Ilei
448 890 481 954 et
499 890 615 954 sancte
633 885 777 954 Romane
797 883 945 954 Ecclesie
971 907 1009 956 ac
1034 883 1160 978 imperii
1179 883 1460 975 Constantinopo-

278 1011 385 1093 litani‚
414 1010 499 1081 sicut
523 1032 635 1080 eornm
662 1031 761 1103 opera
789 1010 1002 1093 testabantur,
1030 1011 1213 1094 invenerat,
1238 1019 1273 1082 et
1296 1011 1328 1081 in
1347 1012 1459 1080 fivbrro

279 1135 484 1208 desiderabat
510 1135 648 1218 babere,
677 1136 813 1206 eumad
840 1136 967 1229 lmperii
992 1137 1140 1230 regimen
1160 1144 1194 1207 et
1212 1136 1460 1207 subventionem

136 1331 138 1334 .
278 1270 367 1334 terre
387 1269 499 1334 sancte
513 1285 553 1334 ac
567 1263 721 1334 unitatem
735 1262 883 1334 Ecclesie
903 1263 1156 1334 conservandam
1169 1263 1255 1334 utilis
1270 1271 1303 1334 et
1317 1285 1459 1332 necces-

279 1390 362 1462 saria
378 1396 466 1460 esset
480 1390 621 1462 societas
636 1389 823 1471 eorundem,
844 1411 904 1460 nec
919 1389 988 1460 sine
1002 1389 1157 1462 societate
1176 1390 1319 1482 ipsorum
1337 1389 1461 1482 pariter

279 1524 314 1586 et
332 1539 443 1587 amore
463 1516 502 1586 ad
522 1515 677 1589 bonorem
696 1515 755 1586 Dei
773 1522 807 1586 et
830 1515 1009 1608 apostolice
1028 1514 1124 1586 Sedis
1143 1515 1214 1608 regi
1240 1523 1356 1608 posset
1374 1516 1460 1586 idem

279 1643 449 1736 imperium
466 1649 729 1736 competenter“.

367 1768 454 1838 ldem
482 1791 612 1861 quoque
639 1767 700 1838 sub
729 1769 837 1840 verbis
864 1768 984 1838 eisdem
1004 1765 1130 1837 nobiles
1148 1767 1226 1850 viri,
1257 1767 1460 1850 Bonilacius‚

279 1893 421 1964 marcbio
437 1893 679 1976 Montislerrati‚
696 1893 879 1965 {rudovicus
893 1893 1057 1964 blesensis
1072 1900 1105 1962 et
1121 1891 1215 1985 llugo
1231 1895 1333 1964 sancti
1353 1894 1459 1976 Pauli,

281 2021 433 2102 comites,
450 2043 510 2114 per
528 2043 604 2090 suas
619 2019 715 2090 nobis
733 2019 859 2090 litteras
878 2020 1073 2090 intimarunt.

369 2145 439 2216 Nos
468 2169 569 2240 ergo,
600 2145 755 2239 scriptum
784 2147 1031 2218 conventionum
1060 2147 1221 2240 ipsarum,
1239 2147 1462 2239 ,Imperatoris

280 2273 381 2366 ipsius
400 2279 433 2342 et
452 2273 596 2366 ipsorum
615 2273 807 2344 marchionis
822 2279 855 2344 et
870 2273 1021 2342 comitum
1035 2272 1142 2366 sigillo
1162 2274 1330 2355 munitum,
1350 2297 1463 2344 coram

281 2401 378 2480 nobis
394 2399 519 2493 perlegi
544 2399 721 2483 iacientes,
749 2399 908 2470 contineri
927 2393 1188 2494 perspeximus)
1206 2400 1237 2469 in
1258 2399 1400 2484 eisdem,
1427 2409 1465 2471 ut

280 2527 389 2598 clerici
406 2526 508 2620 partis
526 2525 621 2610 illins,
643 2525 759 2620 dequo
774 2547 838 2595 non
854 2525 1060 2618 contingeret
1078 2525 1309 2618 imperatorem
1328 2529 1462 2610 assumi,

279 2653 380 2724 libere
405 2651 464 2721 sibi
490 2651 664 2746 elligerent
688 2651 918 2724 Patriarcbam.
950 2651 1027 2722 Cum
1052 2674 1135 2744 ergo
1162 2649 1347 2743 hujusmodi
1368 2653 1463 2724 nobis

279 2779 396 2849 luisset
414 2777 532 2849 electio
552 2785 757 2872 presentata,
782 2779 858 2850 licet
877 2777 916 2848 de
935 2801 1076 2870 persona
1094 2777 1198 2849 electa
1219 2803 1257 2850 er
1276 2803 1367 2850 mora
1388 2780 1463 2849 diu-

280 2906 365 2988 tina,
392 2927 486 2998 quam
505 2904 592 2998 apud
611 2904 729 2977 Sedem
750 2903 961 2998 apostolicam
986 2905 1065 2976 lecit
1085 2904 1179 2986 olim,
1207 2927 1267 2975 nos
1287 2913 1322 2976 et
1339 2907 1462 2977 frenes

281 3033 385 3102 nostri
398 3031 612 3102 sufficientem
632 3032 783 3102 noticiam
803 3031 1008 3114 haberemus,
1028 3039 1144 3126 utpote
1160 3053 1254 3123 quam
1270 3055 1465 3104 noveramus

281 3181 405 3253 genere
425 3157 585 3243 nobilem,
610 3158 779 3230 honestam
797 3157 953 3240 moribus,
972 3159 1173 3251 providentia
1193 3159 1466 3252 circumspectam

281 3294 315 3357 et
333 3279 597 3380 competenter)
617 3286 733 3355 litteris
753 3285 928 3366 eruditam,
948 3283 1151 3356 ellectionem
1171 3292 1280 3355 umen
1301 3286 1466 3356 examina-

282 3413 383 3482 vimus
398 3414 491 3506 juxta
509 3433 651 3494 morem;
681 3404 754 3504 οῖ’)
783 3435 853 3482 eam
872 3413 1048 3482 invenimus
1067 3419 1182 3484 contra
1200 3412 1339 3482 formam
1359 3435 1464 3482 cano-

283 3539 385 3609 nicam
414 3531 686 3632 attemptatam⁵),
716 3546 874 3611 nontam
902 3563 940 3608 ex
968 3561 1028 3622 eo,
1059 3539 1146 3632 quod
1173 3563 1192 3609 a
1221 3537 1329 3610 multis
1356 3540 1467 3611 extitit

283 3666 520 3738 contradictum
528 3659 560 3758 ⁶)
576 3671 610 3737 et
624 3665 665 3736 ab
681 3665 838 3759 aliquibus
849 3667 946 3736 ctiam
958 3665 1162 3760 appellatum,
1178 3667 1238 3738 etsi
1254 3666 1464 3761 postmodum

281 3794 380 3865 inerit
398 3817 417 3864 s
436 3793 694 3864 contradictione
716 3795 839 3886 pariter
857 3800 893 3862 et
911 3792 1126 3886 appellatione
1152 3815 1339 3877 recessum,
1367 3817 1464 3888 quam

281 3946 341 4016 pro
362 3944 420 4005 eo,
449 3921 554 4014 quod,
584 3943 656 3990 cum
674 3919 764 3991 laicis
784 3927 1066 4014 quantumcunque
1085 3919 1248 4015 religiosis
1268 3921 1464 4014 disponendi

312 4275 340 4348 ¹)
359 4273 414 4329 ca.
433 4273 620 4347 brequigny
639 4274 725 4330 lnnoc.
746 4273 779 4328 lll
802 4291 844 4345 ep.
925 4273 954 4348 ⁸)
996 4276 1215 4346 ompotentcm
1234 4272 1284 4326 LP.

354 4365 397 4418 lib.
416 4365 473 4426 Vll,
497 4381 539 4436 ep.
553 4363 606 4420 ccl
629 4364 719 4435 (buius
732 4365 844 4420 Collcct
925 4363 953 4436 ⁸)
972 4367 1005 4417 ct
1023 4365 1092 4430 Bal.;
1112 4372 1145 4418 ut
1161 4381 1222 4418 mss.

354 4473 391 4509 ur.
406 4453 544 4528 CXXth).
925 4454 953 4526 ⁵)
972 4454 1004 4508 in
1023 4471 1090 4510 eam
1109 4457 1347 4527 attemptatam
1366 4473 1430 4510 mss

309 4546 338 4618 ²)
357 4563 470 4618 prosp.
483 4545 645 4602 Balctmss.
925 4543 952 4618 ⁸)
972 4546 1218 4601 contradictum
1237 4545 1293 4600 nu.
