3130 5082
294 365 483 422 Pnrrrnrsrora
497 366 646 422 Bolanum
660 367 694 424 lll
708 369 799 426 namt.
818 367 1005 424 turinorum.
1163 355 1236 429 llll

7 545 9 578 ³
55 537 121 606 suis
139 537 239 608 nichil
257 537 409 632 perdant,
428 545 480 610 set
505 537 606 624 salue,
627 545 748 634 quanto
768 539 880 612 melius
898 541 1052 635 poterint,
1072 547 1106 611 et
1124 562 1239 611 nauem

56 671 89 735 et
107 665 216 736 omnia
235 690 294 737 sna
312 666 516 760 recolligant.

144 792 256 886 Super
283 793 345 864 hec
369 799 475 865 autem
500 796 606 865 omnia
632 795 780 866 concedo
800 793 922 866 eisdem
946 801 1060 864 tenere
1079 785 1238 886 curiam¹)

57 919 161 990 sancti
190 919 354 1011 (Marci)
382 943 473 990 suam
498 921 530 992 in
552 920 698 994 ‘londieio
720 945 782 994 sno
803 921 834 992 in
855 919 1045 1004 Antiochia,
1069 927 1103 992 et
1128 922 1240 992 lacere

57 1046 169 1116 iuditia
196 1071 257 1118 sua
284 1047 386 1118 libere
411 1053 445 1118 et
462 1047 576 1140 quiete
600 1049 778 1121 secundum
796 1048 903 1143 legem
923 1055 955 1120 et
974 1053 1096 1120 statuta
1116 1071 1240 1132 eornm,

57 1174 135 1266 ipsis
161 1174 378 1246 indicantibus
398 1174 439 1246 cle
458 1179 649 1270 quacunque
668 1177 829 1272 querella,
853 1179 887 1248 in
906 1199 1141 1271 quamcumque
1161 1201 1239 1248 cau·

57 1325 124 1372 sam
154 1301 441 1394 prouocalmntur3
470 1325 531 1374 nec
554 1304 648 1376 alicui
671 1304 781 1377 licebit
803 1329 955 1400 umquam
972 1307 1164 1399 perturbare
1183 1311 1240 1376 aut

58 1429 263 1520 inequietarc
289 1429 378 1522 ipsos
402 1431 582 1502 iudicantes
607 1433 677 1502 siue
703 1431 820 1504 indicia
838 1457 968 1515 eornm;
996 1456 1058 1503 nec
1083 1432 1155 1503 alibi
1181 1455 1242 1524 per

59 1562 161 1625 totam
181 1561 303 1626 terram
322 1581 437 1642 meam,
466 1559 525 1628 nisi
551 1559 584 1628 in
609 1561 698 1630 curia
723 1583 782 1631 sna
806 1561 910 1632 sancti
929 1559 1028 1631 llarci
1047 1561 1080 1630 in
1099 1557 1239 1629 lauditio

60 1704 119 1753 suo
140 1683 173 1752 in
191 1681 366 1754 Antiochia
383 1684 585 1778 respondere
605 1693 777 1780 cogentur.

150 1811 221 1880 llec
245 1811 354 1904 itaque
379 1811 484 1882 omnia
509 1811 695 1905 supradicta
724 1811 811 1883 dono
836 1820 871 1884 et
895 1813 1044 1885 concedo
1070 1835 1189 1884 sereno
1210 1816 1244 1882 et

62 1936 222 2008 industrio
241 1938 377 2010 Venetia
395 1939 477 2009 Duci
497 1963 536 2010 ac
553 1939 717 2010 Veneticis
741 1939 890 2010 omnihus
916 1963 1095 2034 eorumque
1120 1940 1246 2012 senatui

63 2071 163 2160 atque
181 2067 323 2147 comuni,
342 2065 490 2138 habenda
507 2067 540 2136 in
558 2089 639 2159 pace
658 2073 692 2138 et
709 2069 780 2138 sine
799 2067 989 2161 calumpnia,
1009 2070 1245 2162 lmperpetnum

7 2175 8 2178 Ἴ
64 2193 276 2286 possidenda.

153 2319 198 2390 Vt
216 2327 322 2390 antem
341 2320 406 2392 hoc
420 2319 540 2390 donum
558 2321 681 2391 firmum
702 2321 758 2392 liat
781 2321 961 2416 stabileque
981 2323 1150 2402 consistat,
1169 2319 1246 2390 lite-

7 2423 9 2534 l
64 2471 174 2518 rarum
198 2448 410 2541 inscriptione
435 2449 686 2544 principalisque
709 2449 771 2520 mei
795 2449 891 2544 sigilli
916 2451 1113 2544 impresione
1138 2449 1247 2518 munio

65 2582 165 2671 atque
184 2577 353 2648 confirmo.

158 2706 292 2776 Factum
316 2709 367 2776 est
388 2704 501 2796 utique
522 2701 586 2774 hoc
606 2703 727 2773 donum
746 2709 779 2774 et
798 2704 859 2775 hec
878 2704 1068 2788 concessio,
1096 2704 1249 2796 exigente

7 2831 9 2874 ²
67 2856 86 2901 a
123 2855 176 2902 me
213 2831 311 2902 nobili
352 2837 386 2900 et
426 2830 515 2901 claro
558 2832 630 2900 uiro
678 2829 846 2901 Dominico
891 2832 985 2902 Bono
1023 2830 1179 2900 Venetico
1218 2835 1250 2900 et
1382 2888 1388 2900 .

69 2957 203 3030 dillecto
224 2981 310 3028 meo.

157 3085 259 3154 llnins
298 3083 374 3153 doni
416 3083 575 3177 huiusque
611 3085 832 3158 concessionis
868 3092 966 3180 atque
1003 3084 1250 3155 condonationis

7 3259 8 3268 κ
68 3218 172 3283 testea
192 3218 284 3282 sunt:
884 3222 888 3230 '

156 3339 330 3420 Siluester‚
350 3337 612 3431 consanguineus
631 3361 732 3410 mens.
762 3337 937 3410 Reinaldns
957 3338 998 3408 de
1017 3339 1155 3431 Margat.
1182 3335 1252 3407 Ro-

69 3469 203 3548 bertus,
234 3464 319 3536 tilius
345 3465 510 3536 Gaulrcdi.
554 3459 832 3558 Eschinardus²),
866 3464 1085 3536 senescalcus.
1133 3465 1249 3534 Petrus

7 3679 8 3688 ἵ
71 3595 250 3666 Camerina.
285 3593 477 3663 Gnillermus
497 3591 617 3676 l'irelli,
645 3593 872 3664 marescalcus.
914 3594 1030 3663 Petrus
1063 3593 1103 3662 de
1134 3591 1250 3662 llasar.

7 3763 8 3796 ;
71 3713 280 3817 Rotgenns⁸)
306 3721 346 3790 de
371 3719 468 3789 surda
493 3719 587 3790 ualle.
617 3719 781 3792 Bonahlns
806 3713 1040 3812 Bauiredusll.
1074 3721 1191 3790 Petrus
1212 3719 1253 3790 de

72 3849 177 3932 llella,
197 3849 396 3920 uicecomes.

7 4055 8 4076 ἶ
159 3977 279 4048 Datum
307 3981 486 4046 astantem
513 3973 717 4068 priuilegium
747 3973 833 4044 istud
857 3997 918 4067 per
944 3997 1071 4046 manum
1096 3975 1254 4046 Bernarcli

7 4127 9 4170 ε
78 4104 261 4197 cancellarij
296 4125 380 4174 anno
418 4101 617 4196 principatus
654 4100 716 4170 mei
751 4107 866 4193 quarto
897 4107 930 4172 et
961 4101 1001 4172 ab
1033 4101 1257 4172 incarnatione

75 4231 231 4302 dominica
250 4229 435 4312 llCLllVlL
455 4229 629 4300 indictione
648 4228 758 4322 quinta
778 4228 914 4300 decima.

7 4519 9 4562 J
99 4495 129 4566 ¹)
149 4495 287 4552 &ilorci
310 4497 361 4550 LP.
721 4493 749 4568 ⁸)
768 4495 950 4566 llotgcrius
968 4495 1016 4548 tr.

100 4585 133 4660 ¹)
151 4587 378 4642 liletrioartlns
396 4586 445 4640 LP.
721 4585 750 4658 Ἰ)
769 4587 994 4641 Baulrncllux
1013 4588 1064 4642 LP.
