<?xml version="1.0" encoding="UTF-8"?>
<!DOCTYPE html PUBLIC "-//W3C//DTD XHTML 1.0 Transitional//EN"
    "http://www.w3.org/TR/xhtml1/DTD/xhtml1-transitional.dtd">
<html xmlns="http://www.w3.org/1999/xhtml" xml:lang="en" lang="en">
 <head>
  <title>
</title>
<meta http-equiv="Content-Type" content="text/html;charset=utf-8" />
  <meta name='ocr-system' content='tesseract 3.04.00' />
  <meta name='ocr-capabilities' content='ocr_page ocr_carea ocr_par ocr_line ocrx_word'/>
</head>
<body>
  <div class='ocr_page' id='page_1' title='image "./fontesrerumaust07kommgoog_0229.png"; bbox 0 0 3110 5076; ppageno 0'>
   <div class='ocr_carea' id='block_1_1' title="bbox 757 347 1005 404">
    <p class='ocr_par' dir='ltr' id='par_1_1' title="bbox 757 347 1005 404">
     <span class='ocr_line' id='line_1_1' title="bbox 757 347 1005 404; baseline -0.004 0"><span class='ocrx_word' id='word_1_1' title='bbox 757 349 876 404; x_wconf 76' lang='lat' dir='ltr'><strong><em>Psoron</em></strong></span> <span class='ocrx_word' id='word_1_2' title='bbox 888 347 1005 404; x_wconf 77' lang='lat' dir='ltr'><strong><em>lsnson.</em></strong></span> 
     </span>
    </p>
   </div>
   <div class='ocr_carea' id='block_1_2' title="bbox 297 511 1481 1884">
    <p class='ocr_par' dir='ltr' id='par_1_2' title="bbox 383 511 980 620">
     <span class='ocr_line' id='line_1_2' title="bbox 383 511 980 613; baseline -0.003 -21"><span class='ocrx_word' id='word_1_3' title='bbox 383 522 459 613; x_wconf 83' lang='lat' dir='ltr'><strong><em>Ego</em></strong></span> <span class='ocrx_word' id='word_1_4' title='bbox 542 511 590 612; x_wconf 86' lang='lat'><strong><em>.¹)</em></strong></span> <span class='ocrx_word' id='word_1_5' title='bbox 608 519 775 592; x_wconf 83' lang='lat' dir='ltr'><strong><em>Johonnes</em></strong></span> <span class='ocrx_word' id='word_1_6' title='bbox 794 520 886 593; x_wconf 82' lang='lat' dir='ltr'><strong><em>Sarni</em></strong></span> <span class='ocrx_word' id='word_1_7' title='bbox 905 525 980 590; x_wconf 72' lang='lat' dir='ltr'><strong><em>itas.</em></strong></span> 
     </span>
    </p>

    <p class='ocr_par' dir='ltr' id='par_1_3' title="bbox 381 645 913 740">
     <span class='ocr_line' id='line_1_3' title="bbox 381 645 913 740; baseline -0.006 -21"><span class='ocrx_word' id='word_1_8' title='bbox 381 649 454 740; x_wconf 83' lang='lat' dir='ltr'><strong><em>Ego</em></strong></span> <span class='ocrx_word' id='word_1_9' title='bbox 473 645 602 721; x_wconf 82' lang='lat' dir='ltr'><strong>Matheo</strong></span> <span class='ocrx_word' id='word_1_10' title='bbox 623 645 817 738; x_wconf 85' lang='lat' dir='ltr'><strong><em>Uilloni(?)</em></strong></span> <span class='ocrx_word' id='word_1_11' title='bbox 838 652 913 717; x_wconf 84' lang='lat' dir='ltr'><strong><em>ttss.</em></strong></span> 
     </span>
    </p>

    <p class='ocr_par' dir='ltr' id='par_1_4' title="bbox 382 773 853 868">
     <span class='ocr_line' id='line_1_4' title="bbox 382 773 853 868; baseline -0.002 -24"><span class='ocrx_word' id='word_1_12' title='bbox 382 773 458 868; x_wconf 79' lang='lat' dir='ltr'><strong><em>Ego</em></strong></span> <span class='ocrx_word' id='word_1_13' title='bbox 480 774 609 846; x_wconf 83' lang='lat' dir='ltr'><strong><em>Morcus</em></strong></span> <span class='ocrx_word' id='word_1_14' title='bbox 628 775 759 845; x_wconf 84' lang='lat' dir='ltr'><strong><em>Faletro</em></strong></span> <span class='ocrx_word' id='word_1_15' title='bbox 778 779 853 844; x_wconf 86' lang='lat' dir='ltr'><strong><em>ttss.</em></strong></span> 
     </span>
    </p>

    <p class='ocr_par' dir='ltr' id='par_1_5' title="bbox 384 899 1229 994">
     <span class='ocr_line' id='line_1_5' title="bbox 384 899 1229 994; baseline -0.002 -24"><span class='ocrx_word' id='word_1_16' title='bbox 384 901 460 994; x_wconf 84' lang='lat' dir='ltr'><strong><em>Ego</em></strong></span> <span class='ocrx_word' id='word_1_17' title='bbox 479 900 629 972; x_wconf 81' lang='lat' dir='ltr'>Andreas</span> <span class='ocrx_word' id='word_1_18' title='bbox 647 899 763 984; x_wconf 72' lang='lat' dir='ltr'><strong><em>vitoni,</em></strong></span> <span class='ocrx_word' id='word_1_19' title='bbox 784 905 943 972; x_wconf 80' lang='lat' dir='ltr'><strong><em>auocator</em></strong></span> <span class='ocrx_word' id='word_1_20' title='bbox 961 900 1101 983; x_wconf 88' lang='lat' dir='ltr'><strong><em>comuni,</em></strong></span> <span class='ocrx_word' id='word_1_21' title='bbox 1120 921 1229 970; x_wconf 75' lang='lat' dir='ltr'><strong><em>onmes.</em></strong></span> 
     </span>
    </p>

    <p class='ocr_par' dir='ltr' id='par_1_6' title="bbox 383 1026 838 1120">
     <span class='ocr_line' id='line_1_6' title="bbox 383 1026 838 1120; baseline -0.004 -22"><span class='ocrx_word' id='word_1_22' title='bbox 383 1027 457 1120; x_wconf 81' lang='lat' dir='ltr'><strong><em>Ego</em></strong></span> <span class='ocrx_word' id='word_1_23' title='bbox 477 1027 546 1098; x_wconf 85' lang='lat' dir='ltr'><strong><em>Leo</em></strong></span> <span class='ocrx_word' id='word_1_24' title='bbox 566 1026 708 1098; x_wconf 84' lang='lat' dir='ltr'><strong><em>Uitulino</em></strong></span> <span class='ocrx_word' id='word_1_25' title='bbox 728 1049 838 1098; x_wconf 76' lang='lat' dir='ltr'><strong><em>nomos.</em></strong></span> 
     </span>
    </p>

    <p class='ocr_par' dir='ltr' id='par_1_7' title="bbox 383 1153 963 1246">
     <span class='ocr_line' id='line_1_7' title="bbox 383 1153 963 1246; baseline 0.003 -24"><span class='ocrx_word' id='word_1_26' title='bbox 383 1153 458 1246; x_wconf 80' lang='lat' dir='ltr'><strong><em>Ego</em></strong></span> <span class='ocrx_word' id='word_1_27' title='bbox 479 1155 655 1226; x_wconf 81' lang='lat' dir='ltr'><strong><em>Laurentio</em></strong></span> <span class='ocrx_word' id='word_1_28' title='bbox 675 1153 868 1226; x_wconf 74' lang='lat' dir='ltr'><strong><em>Morretario</em></strong></span> <span class='ocrx_word' id='word_1_29' title='bbox 888 1159 963 1224; x_wconf 83' lang='lat' dir='ltr'><strong><em>ttss.</em></strong></span> 
     </span>
    </p>

    <p class='ocr_par' dir='ltr' id='par_1_8' title="bbox 385 1279 898 1373">
     <span class='ocr_line' id='line_1_8' title="bbox 385 1279 898 1373; baseline -0.006 -21"><span class='ocrx_word' id='word_1_30' title='bbox 385 1282 458 1373; x_wconf 79' lang='lat' dir='ltr'><strong><em>Ego</em></strong></span> <span class='ocrx_word' id='word_1_31' title='bbox 477 1279 621 1352; x_wconf 79' lang='lat' dir='ltr'><strong><em>Jacobus</em></strong></span> <span class='ocrx_word' id='word_1_32' title='bbox 639 1280 768 1352; x_wconf 83' lang='lat' dir='ltr'><strong><em>Julisno</em></strong></span> <span class='ocrx_word' id='word_1_33' title='bbox 787 1303 898 1350; x_wconf 86' lang='lat' dir='ltr'><strong><em>mmss.</em></strong></span> 
     </span>
    </p>

    <p class='ocr_par' dir='ltr' id='par_1_9' title="bbox 385 1405 919 1500">
     <span class='ocr_line' id='line_1_9' title="bbox 385 1405 919 1500; baseline 0 -24"><span class='ocrx_word' id='word_1_34' title='bbox 385 1405 458 1500; x_wconf 79' lang='lat' dir='ltr'><strong><em>Ego</em></strong></span> <span class='ocrx_word' id='word_1_35' title='bbox 477 1405 652 1480; x_wconf 82' lang='lat' dir='ltr'><strong><em>Beltraimo</em></strong></span> <span class='ocrx_word' id='word_1_36' title='bbox 672 1407 789 1500; x_wconf 83' lang='lat' dir='ltr'><strong><em>Longo</em></strong></span> <span class='ocrx_word' id='word_1_37' title='bbox 809 1429 919 1478; x_wconf 73' lang='lat' dir='ltr'><strong><em>monos.</em></strong></span> 
     </span>
    </p>

    <p class='ocr_par' dir='ltr' id='par_1_10' title="bbox 385 1533 953 1628">
     <span class='ocr_line' id='line_1_10' title="bbox 385 1533 953 1628; baseline 0.004 -24"><span class='ocrx_word' id='word_1_38' title='bbox 385 1535 459 1628; x_wconf 82' lang='lat' dir='ltr'><strong><em>Ego</em></strong></span> <span class='ocrx_word' id='word_1_39' title='bbox 478 1533 641 1606; x_wconf 83' lang='lat' dir='ltr'><strong><em>Jordonus</em></strong></span> <span class='ocrx_word' id='word_1_40' title='bbox 664 1534 824 1605; x_wconf 78' lang='lat' dir='ltr'><strong><em>Gornsrio</em></strong></span> <span class='ocrx_word' id='word_1_41' title='bbox 843 1556 953 1606; x_wconf 82' lang='lat' dir='ltr'><strong><em>mnes.</em></strong></span> 
     </span>
    </p>

    <p class='ocr_par' dir='ltr' id='par_1_11' title="bbox 457 1657 1481 1752">
     <span class='ocr_line' id='line_1_11' title="bbox 457 1657 1481 1752; baseline -0.006 -19"><span class='ocrx_word' id='word_1_42' title='bbox 457 1661 531 1752; x_wconf 82' lang='lat' dir='ltr'><strong><em>Ego</em></strong></span> <span class='ocrx_word' id='word_1_43' title='bbox 555 1661 766 1733; x_wconf 77' lang='lat' dir='ltr'><strong><em>Paterninnus</em></strong></span> <span class='ocrx_word' id='word_1_44' title='bbox 792 1660 832 1732; x_wconf 83' lang='lat' dir='ltr'><strong><em>ds</em></strong></span> <span class='ocrx_word' id='word_1_45' title='bbox 858 1659 1002 1744; x_wconf 64' lang='lat' dir='ltr'><strong><em>Patren,</em></strong></span> <span class='ocrx_word' id='word_1_46' title='bbox 1028 1659 1246 1732; x_wconf 74' lang='lat' dir='ltr'><strong>subdiaconus</strong></span> <span class='ocrx_word' id='word_1_47' title='bbox 1266 1664 1301 1729; x_wconf 88' lang='lat' dir='ltr'><strong><em>et</em></strong></span> <span class='ocrx_word' id='word_1_48' title='bbox 1323 1657 1481 1739; x_wconf 76' lang='lat' dir='ltr'><strong><em>notorius,</em></strong></span> 
     </span>
    </p>

    <p class='ocr_par' dir='ltr' id='par_1_12' title="bbox 297 1787 694 1884">
     <span class='ocr_line' id='line_1_12' title="bbox 297 1787 694 1884; baseline -0.003 -25"><span class='ocrx_word' id='word_1_49' title='bbox 297 1788 457 1884; x_wconf 87' lang='lat' dir='ltr'><strong><em>compleui</em></strong></span> <span class='ocrx_word' id='word_1_50' title='bbox 476 1795 509 1860; x_wconf 88' lang='lat' dir='ltr'><strong><em>et</em></strong></span> <span class='ocrx_word' id='word_1_51' title='bbox 527 1787 694 1860; x_wconf 85' lang='lat' dir='ltr'><strong><em>roboroui.</em></strong></span> 
     </span>
    </p>
   </div>
   <div class='ocr_carea' id='block_1_3' title="bbox 806 1967 943 2039">
    <p class='ocr_par' dir='ltr' id='par_1_13' title="bbox 806 1967 943 2039">
     <span class='ocr_line' id='line_1_13' title="bbox 806 1967 943 2039; baseline 0.007 -1"><span class='ocrx_word' id='word_1_52' title='bbox 806 1967 943 2039; x_wconf 82' lang='lat' dir='ltr'>LXXIV.</span> 
     </span>
    </p>
   </div>
   <div class='ocr_carea' id='block_1_4' title="bbox 350 2107 1435 2313">
    <p class='ocr_par' dir='ltr' id='par_1_14' title="bbox 350 2107 1435 2313">
     <span class='ocr_line' id='line_1_14' title="bbox 350 2107 1435 2194; baseline -0.006 -19"><span class='ocrx_word' id='word_1_53' title='bbox 350 2111 467 2175; x_wconf 75' lang='lat' dir='ltr'><strong><em>Pactum</em></strong></span> <span class='ocrx_word' id='word_1_54' title='bbox 497 2110 688 2194; x_wconf 67' lang='lat' dir='ltr'><strong><em>inperat-ns</em></strong></span> <span class='ocrx_word' id='word_1_55' title='bbox 704 2111 811 2175; x_wconf 77' lang='lat' dir='ltr'><strong><em>{sossii</em></strong></span> <span class='ocrx_word' id='word_1_56' title='bbox 827 2129 891 2174; x_wconf 77' lang='lat' dir='ltr'><strong><em>cun</em></strong></span> <span class='ocrx_word' id='word_1_57' title='bbox 906 2109 1026 2190; x_wconf 75' lang='lat' dir='ltr'><strong><em>Venetis</em></strong></span> <span class='ocrx_word' id='word_1_58' title='bbox 1042 2111 1079 2174; x_wconf 80' lang='lat' dir='ltr'><strong><em>dc</em></strong></span> <span class='ocrx_word' id='word_1_59' title='bbox 1095 2111 1209 2174; x_wconf 75' lang='lat' dir='ltr'><strong><em>tonnis</em></strong></span> <span class='ocrx_word' id='word_1_60' title='bbox 1225 2107 1435 2174; x_wconf 72' lang='lat' dir='ltr'><strong><em>rmsrctcndls.</em></strong></span> 
     </span>
     <span class='ocr_line' id='line_1_15' title="bbox 730 2249 1052 2313; baseline -0.006 -7"><span class='ocrx_word' id='word_1_61' title='bbox 730 2251 762 2306; x_wconf 79' lang='lat' dir='ltr'><strong><em>A.</em></strong></span> <span class='ocrx_word' id='word_1_62' title='bbox 777 2250 803 2304; x_wconf 81' lang='lat' dir='ltr'><strong><em>d.</em></strong></span> <span class='ocrx_word' id='word_1_63' title='bbox 818 2250 900 2313; x_wconf 76' lang='lat'><strong>1189.</strong></span> <span class='ocrx_word' id='word_1_64' title='bbox 920 2267 954 2304; x_wconf 83' lang='lat' dir='ltr'><strong><em>m.</em></strong></span> <span class='ocrx_word' id='word_1_65' title='bbox 966 2249 1052 2305; x_wconf 84' lang='lat' dir='ltr'><strong><em>Junio.</em></strong></span> 
     </span>
    </p>
   </div>
   <div class='ocr_carea' id='block_1_5' title="bbox 295 2375 1489 3438">
    <p class='ocr_par' dir='ltr' id='par_1_15' title="bbox 295 2375 1489 3010">
     <span class='ocr_line' id='line_1_16' title="bbox 391 2375 1487 2466; baseline -0.002 -25"><span class='ocrx_word' id='word_1_66' title='bbox 391 2379 564 2442; x_wconf 79' lang='lat' dir='ltr'>Andreas</span> <span class='ocrx_word' id='word_1_67' title='bbox 592 2379 793 2443; x_wconf 84' lang='lat' dir='ltr'><strong><em>Dsndulns</em></strong></span> <span class='ocrx_word' id='word_1_68' title='bbox 823 2379 926 2443; x_wconf 89' lang='lat' dir='ltr'><strong><em>chron.</em></strong></span> <span class='ocrx_word' id='word_1_69' title='bbox 951 2401 981 2466; x_wconf 85' lang='lat' dir='ltr'><strong><em>p.</em></strong></span> <span class='ocrx_word' id='word_1_70' title='bbox 1007 2375 1089 2444; x_wconf 76' lang='lat'>314:</span> <span class='ocrx_word' id='word_1_71' title='bbox 1122 2379 1205 2444; x_wconf 84' lang='lat' dir='ltr'><strong><em>Dam</em></strong></span> <span class='ocrx_word' id='word_1_72' title='bbox 1228 2385 1334 2444; x_wconf 79' lang='lat' dir='ltr'><strong><em>autern</em></strong></span> <span class='ocrx_word' id='word_1_73' title='bbox 1355 2375 1487 2442; x_wconf 76' lang='lat' dir='ltr'><strong><em>Isacias</em></strong></span> 
     </span>
     <span class='ocr_line' id='line_1_17' title="bbox 298 2486 1485 2574; baseline 0 -24"><span class='ocrx_word' id='word_1_74' title='bbox 298 2486 477 2573; x_wconf 77' lang='lat' dir='ltr'><strong><em>Imperator</em></strong></span> <span class='ocrx_word' id='word_1_75' title='bbox 493 2487 672 2552; x_wconf 74' lang='lat' dir='ltr'><strong><em>Versetormm</em></strong></span> <span class='ocrx_word' id='word_1_76' title='bbox 685 2487 805 2574; x_wconf 80' lang='lat' dir='ltr'><strong><em>lepatos</em></strong></span> <span class='ocrx_word' id='word_1_77' title='bbox 816 2489 861 2552; x_wconf 85' lang='lat' dir='ltr'><strong><em>ad</em></strong></span> <span class='ocrx_word' id='word_1_78' title='bbox 869 2487 1100 2553; x_wconf 80' lang='lat' dir='ltr'><strong><em>restitutionem</em></strong></span> <span class='ocrx_word' id='word_1_79' title='bbox 1115 2489 1293 2552; x_wconf 70' lang='lat' dir='ltr'><strong><em>ablator-sam</em></strong></span> <span class='ocrx_word' id='word_1_80' title='bbox 1308 2486 1343 2550; x_wconf 84' lang='lat' dir='ltr'><strong><em>ia</em></strong></span> <span class='ocrx_word' id='word_1_81' title='bbox 1359 2487 1485 2573; x_wconf 78' lang='lat' dir='ltr'><strong><em>loapam</em></strong></span> 
     </span>
     <span class='ocr_line' id='line_1_18' title="bbox 295 2593 1487 2682; baseline -0.002 -21"><span class='ocrx_word' id='word_1_82' title='bbox 295 2595 449 2665; x_wconf 77' lang='lat' dir='ltr'><strong><em>traiceret,</em></strong></span> <span class='ocrx_word' id='word_1_83' title='bbox 466 2596 545 2660; x_wconf 73' lang='lat' dir='ltr'><strong><em>Das</em></strong></span> <span class='ocrx_word' id='word_1_84' title='bbox 555 2595 615 2659; x_wconf 76' lang='lat' dir='ltr'><strong><em>icoo</em></strong></span> <span class='ocrx_word' id='word_1_85' title='bbox 625 2617 709 2660; x_wconf 83' lang='lat' dir='ltr'><strong><em>anno</em></strong></span> <span class='ocrx_word' id='word_1_86' title='bbox 727 2593 764 2682; x_wconf 87' lang='lat' dir='ltr'><strong><em>(i.</em></strong></span> <span class='ocrx_word' id='word_1_87' title='bbox 775 2617 802 2659; x_wconf 90' lang='lat' dir='ltr'><strong><em>e.</em></strong></span> <span class='ocrx_word' id='word_1_88' title='bbox 817 2618 842 2660; x_wconf 83' lang='lat' dir='ltr'><strong><em>s.</em></strong></span> <span class='ocrx_word' id='word_1_89' title='bbox 857 2595 1001 2678; x_wconf 83' lang='lat' dir='ltr'><strong>d.1189)</strong></span> <span class='ocrx_word' id='word_1_90' title='bbox 1020 2599 1149 2662; x_wconf 85' lang='lat' dir='ltr'><strong><em>Petram</em></strong></span> <span class='ocrx_word' id='word_1_91' title='bbox 1162 2597 1317 2662; x_wconf 85' lang='lat' dir='ltr'><strong><em>Coracrio</em></strong></span> <span class='ocrx_word' id='word_1_92' title='bbox 1330 2603 1362 2660; x_wconf 85' lang='lat' dir='ltr'><strong><em>et</em></strong></span> <span class='ocrx_word' id='word_1_93' title='bbox 1376 2593 1487 2660; x_wconf 87' lang='lat' dir='ltr'><strong><em>Domi·</em></strong></span> 
     </span>
     <span class='ocr_line' id='line_1_19' title="bbox 296 2703 1489 2785; baseline 0 -19"><span class='ocrx_word' id='word_1_94' title='bbox 296 2703 400 2768; x_wconf 83' lang='lat' dir='ltr'><strong><em>nicam</em></strong></span> <span class='ocrx_word' id='word_1_95' title='bbox 411 2705 522 2776; x_wconf 85' lang='lat' dir='ltr'><strong><em>Memo,</em></strong></span> <span class='ocrx_word' id='word_1_96' title='bbox 534 2709 759 2785; x_wconf 72' lang='lat' dir='ltr'><strong><em>procuratores</em></strong></span> <span class='ocrx_word' id='word_1_97' title='bbox 774 2705 879 2768; x_wconf 84' lang='lat' dir='ltr'><strong><em>sancti</em></strong></span> <span class='ocrx_word' id='word_1_98' title='bbox 889 2703 1002 2776; x_wconf 78' lang='lat' dir='ltr'><strong><em>Marci,</em></strong></span> <span class='ocrx_word' id='word_1_99' title='bbox 1020 2704 1169 2768; x_wconf 57' lang='lat' dir='ltr'><strong><em>mmmdcc</em></strong></span> <span class='ocrx_word' id='word_1_100' title='bbox 1178 2703 1231 2768; x_wconf 87' lang='lat' dir='ltr'><strong><em>illi</em></strong></span> <span class='ocrx_word' id='word_1_101' title='bbox 1241 2703 1489 2768; x_wconf 70' lang='lat' dir='ltr'><strong><em>ambasciatores</em></strong></span> 
     </span>
     <span class='ocr_line' id='line_1_20' title="bbox 297 2812 1488 2900; baseline -0.001 -23"><span class='ocrx_word' id='word_1_102' title='bbox 297 2813 403 2878; x_wconf 85' lang='lat' dir='ltr'><strong><em>mittit.</em></strong></span> <span class='ocrx_word' id='word_1_103' title='bbox 431 2813 491 2890; x_wconf 76' lang='lat' dir='ltr'><strong><em>Qui</em></strong></span> <span class='ocrx_word' id='word_1_104' title='bbox 504 2835 569 2878; x_wconf 85' lang='lat' dir='ltr'><strong><em>aaa</em></strong></span> <span class='ocrx_word' id='word_1_105' title='bbox 584 2831 653 2878; x_wconf 75' lang='lat' dir='ltr'><strong><em>aaa</em></strong></span> <span class='ocrx_word' id='word_1_106' title='bbox 672 2813 789 2899; x_wconf 84' lang='lat' dir='ltr'><strong><em>primis</em></strong></span> <span class='ocrx_word' id='word_1_107' title='bbox 803 2813 975 2889; x_wconf 83' lang='lat' dir='ltr'><strong><em>instantes,</em></strong></span> <span class='ocrx_word' id='word_1_108' title='bbox 995 2815 1037 2878; x_wconf 83' lang='lat' dir='ltr'><strong><em>de</em></strong></span> <span class='ocrx_word' id='word_1_109' title='bbox 1050 2813 1267 2878; x_wconf 82' lang='lat' dir='ltr'><strong><em>resarciendis</em></strong></span> <span class='ocrx_word' id='word_1_110' title='bbox 1281 2812 1408 2877; x_wconf 66' lang='lat' dir='ltr'><strong><em>mais</em></strong></span> <span class='ocrx_word' id='word_1_111' title='bbox 1426 2833 1488 2900; x_wconf 85' lang='lat' dir='ltr'><strong><em>per</em></strong></span> 
     </span>
     <span class='ocr_line' id='line_1_21' title="bbox 297 2921 1487 3010; baseline -0.003 -23"><span class='ocrx_word' id='word_1_112' title='bbox 297 2923 436 3010; x_wconf 74' lang='lat' dir='ltr'><strong><em>stapulas</em></strong></span> <span class='ocrx_word' id='word_1_113' title='bbox 458 2944 557 2988; x_wconf 86' lang='lat' dir='ltr'><strong><em>annos</em></strong></span> <span class='ocrx_word' id='word_1_114' title='bbox 572 2941 617 2986; x_wconf 75' lang='lat' dir='ltr'><strong><em>erc</em></strong></span> <span class='ocrx_word' id='word_1_115' title='bbox 638 2922 782 2987; x_wconf 70' lang='lat' dir='ltr'><strong><em>comasino</em></strong></span> <span class='ocrx_word' id='word_1_116' title='bbox 797 2921 843 2988; x_wconf 72' lang='lat' dir='ltr'><strong><em>ess</em></strong></span> <span class='ocrx_word' id='word_1_117' title='bbox 857 2923 1011 3010; x_wconf 76' lang='lat' dir='ltr'><strong><em>deputato</em></strong></span> <span class='ocrx_word' id='word_1_118' title='bbox 1028 2923 1271 3008; x_wconf 70' lang='lat' dir='ltr'><strong><em>promissionem</em></strong></span> <span class='ocrx_word' id='word_1_119' title='bbox 1285 2929 1487 3008; x_wconf 79' lang='lat' dir='ltr'><strong><em>receperant.</em></strong></span> 
     </span>
    </p>

    <p class='ocr_par' dir='ltr' id='par_1_16' title="bbox 298 3028 1488 3438">
     <span class='ocr_line' id='line_1_22' title="bbox 388 3028 1487 3114; baseline 0 -23"><span class='ocrx_word' id='word_1_120' title='bbox 388 3029 479 3094; x_wconf 86' lang='lat' dir='ltr'><strong><em>Huius</em></strong></span> <span class='ocrx_word' id='word_1_121' title='bbox 502 3029 708 3114; x_wconf 85' lang='lat' dir='ltr'><strong><em>promissionis</em></strong></span> <span class='ocrx_word' id='word_1_122' title='bbox 731 3031 836 3093; x_wconf 79' lang='lat' dir='ltr'><strong><em>charta</em></strong></span> <span class='ocrx_word' id='word_1_123' title='bbox 858 3030 938 3092; x_wconf 84' lang='lat' dir='ltr'><strong><em>inest</em></strong></span> <span class='ocrx_word' id='word_1_124' title='bbox 960 3031 989 3094; x_wconf 91' lang='lat' dir='ltr'><strong><em>in</em></strong></span> <span class='ocrx_word' id='word_1_125' title='bbox 1007 3030 1099 3095; x_wconf 79' lang='lat' dir='ltr'><strong><em>Libro</em></strong></span> <span class='ocrx_word' id='word_1_126' title='bbox 1115 3031 1191 3096; x_wconf 75' lang='lat' dir='ltr'><strong><em>Albo</em></strong></span> <span class='ocrx_word' id='word_1_127' title='bbox 1207 3029 1258 3096; x_wconf 85' lang='lat' dir='ltr'><strong><em>fol.</em></strong></span> <span class='ocrx_word' id='word_1_128' title='bbox 1280 3030 1414 3094; x_wconf 71' lang='lat' dir='ltr'><strong><em>res-1⁷</em></strong></span> <span class='ocrx_word' id='word_1_129' title='bbox 1430 3028 1487 3092; x_wconf 87' lang='lat' dir='ltr'><strong><em>hoc</em></strong></span> 
     </span>
     <span class='ocr_line' id='line_1_23' title="bbox 298 3137 1488 3226; baseline 0.003 -27"><span class='ocrx_word' id='word_1_130' title='bbox 298 3137 398 3200; x_wconf 83' lang='lat' dir='ltr'><strong><em>titulo:</em></strong></span> <span class='ocrx_word' id='word_1_131' title='bbox 418 3138 639 3224; x_wconf 83' lang='lat' dir='ltr'><strong><em>„priuilepiam</em></strong></span> <span class='ocrx_word' id='word_1_132' title='bbox 651 3137 788 3202; x_wconf 79' lang='lat' dir='ltr'><strong><em>eiusdem</em></strong></span> <span class='ocrx_word' id='word_1_133' title='bbox 795 3137 934 3224; x_wconf 81' lang='lat' dir='ltr'><strong><em>(isoncii)</em></strong></span> <span class='ocrx_word' id='word_1_134' title='bbox 946 3138 1164 3226; x_wconf 82' lang='lat' dir='ltr'><strong><em>imperatoris,</em></strong></span> <span class='ocrx_word' id='word_1_135' title='bbox 1181 3160 1359 3206; x_wconf 85' lang='lat' dir='ltr'><strong><em>concessam</em></strong></span> <span class='ocrx_word' id='word_1_136' title='bbox 1370 3159 1488 3224; x_wconf 71' lang='lat' dir='ltr'><strong><em>snpra</em></strong></span> 
     </span>
     <span class='ocr_line' id='line_1_24' title="bbox 299 3245 1488 3332; baseline -0.002 -23"><span class='ocrx_word' id='word_1_137' title='bbox 299 3246 385 3310; x_wconf 81' lang='lat' dir='ltr'><strong><em>dicto</em></strong></span> <span class='ocrx_word' id='word_1_138' title='bbox 400 3247 524 3311; x_wconf 85' lang='lat' dir='ltr'><strong><em>domino</em></strong></span> <span class='ocrx_word' id='word_1_139' title='bbox 540 3247 637 3310; x_wconf 82' lang='lat' dir='ltr'><strong><em>Aurio</em></strong></span> <span class='ocrx_word' id='word_1_140' title='bbox 654 3245 738 3310; x_wconf 85' lang='lat' dir='ltr'><strong><em>Daoi</em></strong></span> <span class='ocrx_word' id='word_1_141' title='bbox 752 3245 806 3309; x_wconf 84' lang='lat' dir='ltr'><strong><em>sab</em></strong></span> <span class='ocrx_word' id='word_1_142' title='bbox 822 3245 1102 3326; x_wconf 45' lang='lat' dir='ltr'><em>MGLXXXVHIQ·</em></span> <span class='ocrx_word' id='word_1_143' title='bbox 1124 3245 1240 3332; x_wconf 42' lang='lat' dir='ltr'><strong><em>eadem,</em></strong></span> <span class='ocrx_word' id='word_1_144' title='bbox 1254 3247 1284 3308; x_wconf 90' lang='lat' dir='ltr'><strong><em>in</em></strong></span> <span class='ocrx_word' id='word_1_145' title='bbox 1302 3245 1387 3309; x_wconf 84' lang='lat' dir='ltr'><strong><em>Libr.</em></strong></span> <span class='ocrx_word' id='word_1_146' title='bbox 1404 3245 1488 3308; x_wconf 84' lang='lat' dir='ltr'><strong><em>Psot.</em></strong></span> 
     </span>
     <span class='ocr_line' id='line_1_25' title="bbox 300 3351 937 3438; baseline 0 -22"><span class='ocrx_word' id='word_1_147' title='bbox 300 3353 322 3426; x_wconf 88' lang='grc' dir='ltr'><strong><em>Ι,</em></strong></span> <span class='ocrx_word' id='word_1_148' title='bbox 342 3354 415 3419; x_wconf 87' lang='grc'><strong>103.</strong></span> <span class='ocrx_word' id='word_1_149' title='bbox 441 3354 542 3418; x_wconf 82' lang='lat' dir='ltr'><strong><em>Edidit</em></strong></span> <span class='ocrx_word' id='word_1_150' title='bbox 559 3353 680 3416; x_wconf 82' lang='lat' dir='ltr'><strong><em>Manio</em></strong></span> <span class='ocrx_word' id='word_1_151' title='bbox 696 3353 733 3417; x_wconf 89' lang='grc' dir='ltr'><strong><em>Τ.</em></strong></span> <span class='ocrx_word' id='word_1_152' title='bbox 751 3353 797 3426; x_wconf 83' lang='lat'><strong><em>111,</em></strong></span> <span class='ocrx_word' id='word_1_153' title='bbox 815 3373 842 3438; x_wconf 84' lang='lat' dir='ltr'><strong><em>p.</em></strong></span> <span class='ocrx_word' id='word_1_154' title='bbox 862 3351 937 3418; x_wconf 83' lang='lat'>304.</span> 
     </span>
    </p>
   </div>
   <div class='ocr_carea' id='block_1_6' title="bbox 301 3503 1491 4362">
    <p class='ocr_par' dir='ltr' id='par_1_17' title="bbox 301 3503 1491 4362">
     <span class='ocr_line' id='line_1_26' title="bbox 391 3503 1489 3602; baseline 0.002 -28"><span class='ocrx_word' id='word_1_155' title='bbox 391 3505 586 3575; x_wconf 79' lang='lat' dir='ltr'><strong><em>confirmata</em></strong></span> <span class='ocrx_word' id='word_1_156' title='bbox 601 3503 691 3598; x_wconf 84' lang='lat' dir='ltr'><strong><em>equis</em></strong></span> <span class='ocrx_word' id='word_1_157' title='bbox 707 3512 758 3574; x_wconf 88' lang='lat' dir='ltr'><strong><em>est</em></strong></span> <span class='ocrx_word' id='word_1_158' title='bbox 771 3505 834 3575; x_wconf 84' lang='lat' dir='ltr'><strong><em>inm</em></strong></span> <span class='ocrx_word' id='word_1_159' title='bbox 849 3505 1122 3577; x_wconf 83' lang='lat' dir='ltr'><strong><em>conuentionibns</em></strong></span> <span class='ocrx_word' id='word_1_160' title='bbox 1136 3505 1280 3602; x_wconf 84' lang='lat' dir='ltr'><strong><em>scriptis,</em></strong></span> <span class='ocrx_word' id='word_1_161' title='bbox 1298 3529 1359 3600; x_wconf 87' lang='lat' dir='ltr'><strong><em>per</em></strong></span> <span class='ocrx_word' id='word_1_162' title='bbox 1374 3527 1489 3576; x_wconf 82' lang='lat' dir='ltr'><strong><em>sacra·</em></strong></span> 
     </span>
     <span class='ocr_line' id='line_1_27' title="bbox 302 3629 1489 3728; baseline 0.003 -30"><span class='ocrx_word' id='word_1_163' title='bbox 302 3637 409 3700; x_wconf 83' lang='lat' dir='ltr'><strong><em>menta</em></strong></span> <span class='ocrx_word' id='word_1_164' title='bbox 428 3631 651 3701; x_wconf 84' lang='lat' dir='ltr'><strong><em>corroboratis</em></strong></span> <span class='ocrx_word' id='word_1_165' title='bbox 675 3653 693 3700; x_wconf 81' lang='lat' dir='ltr'><strong><em>o</em></strong></span> <span class='ocrx_word' id='word_1_166' title='bbox 715 3629 924 3702; x_wconf 83' lang='lat' dir='ltr'><strong><em>nobillissimo</em></strong></span> <span class='ocrx_word' id='word_1_167' title='bbox 948 3640 982 3703; x_wconf 84' lang='lat' dir='ltr'><strong><em>et</em></strong></span> <span class='ocrx_word' id='word_1_168' title='bbox 1004 3633 1132 3728; x_wconf 83' lang='lat' dir='ltr'><strong><em>Imperii</em></strong></span> <span class='ocrx_word' id='word_1_169' title='bbox 1158 3633 1272 3704; x_wconf 87' lang='lat' dir='ltr'><strong><em>nostri</em></strong></span> <span class='ocrx_word' id='word_1_170' title='bbox 1287 3631 1489 3704; x_wconf 82' lang='lat' dir='ltr'><strong><em>fidellissinro</em></strong></span> 
     </span>
     <span class='ocr_line' id='line_1_28' title="bbox 301 3757 1485 3856; baseline 0.002 -29"><span class='ocrx_word' id='word_1_171' title='bbox 301 3758 392 3828; x_wconf 88' lang='lat' dir='ltr'><strong><em>Duce</em></strong></span> <span class='ocrx_word' id='word_1_172' title='bbox 411 3757 558 3841; x_wconf 82' lang='lat' dir='ltr'><strong><em>Venetis,</em></strong></span> <span class='ocrx_word' id='word_1_173' title='bbox 578 3757 679 3828; x_wconf 79' lang='lat' dir='ltr'><strong><em>Aurio</em></strong></span> <span class='ocrx_word' id='word_1_174' title='bbox 699 3757 856 3852; x_wconf 77' lang='lat' dir='ltr'><strong><em>Magistro</em></strong></span> <span class='ocrx_word' id='word_1_175' title='bbox 876 3757 989 3843; x_wconf 86' lang='lat' dir='ltr'><strong><em>Petro,</em></strong></span> <span class='ocrx_word' id='word_1_176' title='bbox 1010 3760 1064 3853; x_wconf 90' lang='lat' dir='ltr'><strong><em>qni</em></strong></span> <span class='ocrx_word' id='word_1_177' title='bbox 1084 3761 1243 3854; x_wconf 79' lang='lat' dir='ltr'><strong><em>dignitate</em></strong></span> <span class='ocrx_word' id='word_1_178' title='bbox 1263 3759 1485 3856; x_wconf 81' lang='lat' dir='ltr'><strong><em>protoseuasti</em></strong></span> 
     </span>
     <span class='ocr_line' id='line_1_29' title="bbox 304 3882 1489 3980; baseline 0.001 -26"><span class='ocrx_word' id='word_1_179' title='bbox 304 3907 322 3954; x_wconf 85' lang='lat' dir='ltr'><strong><em>a</em></strong></span> <span class='ocrx_word' id='word_1_180' title='bbox 342 3893 455 3956; x_wconf 81' lang='lat' dir='ltr'><strong><em>nostro</em></strong></span> <span class='ocrx_word' id='word_1_181' title='bbox 474 3882 669 3956; x_wconf 83' lang='lat' dir='ltr'><strong><em>sublimitate</em></strong></span> <span class='ocrx_word' id='word_1_182' title='bbox 689 3883 864 3955; x_wconf 82' lang='lat' dir='ltr'><strong><em>decoratus</em></strong></span> <span class='ocrx_word' id='word_1_183' title='bbox 884 3893 946 3969; x_wconf 81' lang='lat' dir='ltr'><strong><em>est,</em></strong></span> <span class='ocrx_word' id='word_1_184' title='bbox 974 3893 1008 3958; x_wconf 87' lang='lat' dir='ltr'><strong><em>et</em></strong></span> <span class='ocrx_word' id='word_1_185' title='bbox 1027 3887 1068 3958; x_wconf 82' lang='lat' dir='ltr'><strong><em>ab</em></strong></span> <span class='ocrx_word' id='word_1_186' title='bbox 1087 3889 1240 3960; x_wconf 80' lang='lat' dir='ltr'><strong><em>uniuerso</em></strong></span> <span class='ocrx_word' id='word_1_187' title='bbox 1260 3886 1398 3958; x_wconf 80' lang='lat' dir='ltr'><strong><em>Venetis</em></strong></span> <span class='ocrx_word' id='word_1_188' title='bbox 1416 3885 1489 3980; x_wconf 89' lang='lat' dir='ltr'><strong><em>ple-</em></strong></span> 
     </span>
     <span class='ocr_line' id='line_1_30' title="bbox 304 3997 1489 4103; baseline 0.003 -22"><span class='ocrx_word' id='word_1_189' title='bbox 304 4011 448 4082; x_wconf 89' lang='lat' dir='ltr'><strong><em>nitudine</em></strong></span> <span class='ocrx_word' id='word_1_190' title='bbox 474 4012 613 4103; x_wconf 87' lang='lat' dir='ltr'><strong><em>Imperio</em></strong></span> <span class='ocrx_word' id='word_1_191' title='bbox 644 4018 759 4082; x_wconf 85' lang='lat' dir='ltr'><strong><em>nostro</em></strong></span> <span class='ocrx_word' id='word_1_192' title='bbox 781 4019 815 4081; x_wconf 89' lang='lat' dir='ltr'><strong><em>et</em></strong></span> <span class='ocrx_word' id='word_1_193' title='bbox 834 4011 991 4082; x_wconf 80' lang='lat' dir='ltr'><strong><em>Romanis</em></strong></span> <span class='ocrx_word' id='word_1_194' title='bbox 1010 4011 1092 4082; x_wconf 86' lang='lat' dir='ltr'><strong><em>fides</em></strong></span> <span class='ocrx_word' id='word_1_195' title='bbox 1113 4019 1146 4083; x_wconf 89' lang='lat' dir='ltr'><strong><em>et</em></strong></span> <span class='ocrx_word' id='word_1_196' title='bbox 1164 4012 1332 4083; x_wconf 86' lang='lat' dir='ltr'><strong><em>seruitium</em></strong></span> <span class='ocrx_word' id='word_1_197' title='bbox 1348 3997 1489 4084; x_wconf 75' lang='lat' dir='ltr'><strong><em>Veneti-</em></strong></span> 
     </span>
     <span class='ocr_line' id='line_1_31' title="bbox 303 4127 1491 4229; baseline 0.002 -21"><span class='ocrx_word' id='word_1_198' title='bbox 303 4160 433 4221; x_wconf 86' lang='lat' dir='ltr'><strong><em>oornm,</em></strong></span> <span class='ocrx_word' id='word_1_199' title='bbox 460 4135 623 4229; x_wconf 80' lang='lat' dir='ltr'><strong><em>nichilque</em></strong></span> <span class='ocrx_word' id='word_1_200' title='bbox 643 4127 738 4208; x_wconf 84' lang='lat' dir='ltr'><strong><em>deest</em></strong></span> <span class='ocrx_word' id='word_1_201' title='bbox 756 4159 869 4209; x_wconf 87' lang='lat' dir='ltr'><strong><em>eorum</em></strong></span> <span class='ocrx_word' id='word_1_202' title='bbox 889 4137 1165 4211; x_wconf 82' lang='lat' dir='ltr'><strong><em>inuiolabilissimo</em></strong></span> <span class='ocrx_word' id='word_1_203' title='bbox 1183 4137 1364 4211; x_wconf 84' lang='lat' dir='ltr'><strong><em>securitati.</em></strong></span> <span class='ocrx_word' id='word_1_204' title='bbox 1397 4139 1491 4228; x_wconf 81' lang='lat' dir='ltr'><strong><em>Quo·</em></strong></span> 
     </span>
     <span class='ocr_line' id='line_1_32' title="bbox 304 4265 1491 4362; baseline 0.003 -28"><span class='ocrx_word' id='word_1_205' title='bbox 304 4265 388 4334; x_wconf 81' lang='lat' dir='ltr'><strong><em>niam</em></strong></span> <span class='ocrx_word' id='word_1_206' title='bbox 416 4287 497 4335; x_wconf 85' lang='lat' dir='ltr'><strong><em>uero</em></strong></span> <span class='ocrx_word' id='word_1_207' title='bbox 526 4269 722 4357; x_wconf 86' lang='lat' dir='ltr'><strong><em>oportunum</em></strong></span> <span class='ocrx_word' id='word_1_208' title='bbox 751 4272 842 4351; x_wconf 82' lang='lat' dir='ltr'><strong><em>snat,</em></strong></span> <span class='ocrx_word' id='word_1_209' title='bbox 871 4265 1006 4338; x_wconf 78' lang='lat' dir='ltr'><strong><em>Venetis</em></strong></span> <span class='ocrx_word' id='word_1_210' title='bbox 1034 4265 1187 4338; x_wconf 80' lang='lat' dir='ltr'><strong><em>satisfieri</em></strong></span> <span class='ocrx_word' id='word_1_211' title='bbox 1214 4267 1246 4336; x_wconf 91' lang='lat' dir='ltr'><strong><em>in</em></strong></span> <span class='ocrx_word' id='word_1_212' title='bbox 1275 4265 1346 4352; x_wconf 84' lang='lat' dir='ltr'><strong><em>his,</em></strong></span> <span class='ocrx_word' id='word_1_213' title='bbox 1381 4289 1491 4362; x_wconf 82' lang='lat' dir='ltr'><strong><em>ques</em></strong></span> 
     </span>
    </p>
   </div>
   <div class='ocr_carea' id='block_1_7' title="bbox 304 4449 615 4458">
    <p class='ocr_par' dir='ltr' id='par_1_18' title="bbox 304 4449 615 4458">
     <span class='ocr_line' id='line_1_33' title="bbox 304 4449 615 4458; baseline -0.01 0"><span class='ocrx_word' id='word_1_214' title='bbox 304 4449 615 4458; x_wconf 50' lang='grc' dir='ltr'><strong><em>...ψ-,-</em></strong></span> 
     </span>
    </p>
   </div>
   <div class='ocr_carea' id='block_1_8' title="bbox 330 4544 610 4618">
    <p class='ocr_par' dir='ltr' id='par_1_19' title="bbox 330 4544 610 4618">
     <span class='ocr_line' id='line_1_34' title="bbox 330 4544 610 4618; baseline -0.004 -18"><span class='ocrx_word' id='word_1_215' title='bbox 330 4544 358 4618; x_wconf 78' lang='grc'><strong><em>1)</em></strong></span> <span class='ocrx_word' id='word_1_216' title='bbox 378 4545 442 4616; x_wconf 76' lang='lat' dir='ltr'><strong><em>Lagi</em></strong></span> <span class='ocrx_word' id='word_1_217' title='bbox 455 4561 504 4600; x_wconf 87' lang='lat' dir='ltr'><strong><em>non</em></strong></span> <span class='ocrx_word' id='word_1_218' title='bbox 516 4545 610 4617; x_wconf 83' lang='lat' dir='ltr'><strong><em>potuit.</em></strong></span> 
     </span>
    </p>
   </div>
   <div class='ocr_carea' id='block_1_9' title="bbox 0 0 1577 5076">
    <p class='ocr_par' dir='ltr' id='par_1_20' title="bbox 0 0 1577 5076">
     <span class='ocr_line' id='line_1_35' title="bbox 0 0 1577 5076; baseline 0 0"><span class='ocrx_word' id='word_1_219' title='bbox 0 0 1577 5076; x_wconf 95' lang='lat' dir='ltr'><strong><em> </em></strong></span> 
     </span>
    </p>
   </div>
  </div>
 </body>
</html>
