3130 5078
276 333 350 406 542
565 345 661 400 lnnoo.
674 343 707 398 lll
721 359 811 399 nrrsr.
825 356 862 398 tn
875 343 1000 398 Tubunas
1015 343 1101 398 Para.
1114 344 1161 398 (ln.

363 515 620 586 SicutDominus
635 515 665 584 in
681 517 855 586 Romanam
871 515 1052 586 Ecclesiam
1066 539 1125 608 per
1139 516 1224 585 beati
1241 516 1329 585 Petri
1338 515 1454 585 merita

274 667 332 714 sua
351 643 437 713 dona
455 643 614 725 diffundit,
639 643 688 712 sic
708 643 777 712 eius
795 641 999 736 priuilegium
1019 641 1193 735 ampliauit,
1213 649 1259 726 ut,
1279 648 1452 736 quantum·

273 771 352 841 libet
371 771 402 840 in
422 770 503 840 alios
523 769 684 853 liberalis,
709 792 770 840 nec
790 769 1015 841 detrimentum
1040 778 1146 841 tamen
1171 770 1306 840 bononis
1329 770 1453 851 timeat,

273 919 334 966 nec
354 897 553 988 dispendium
572 899 757 989 potestatis,
777 905 892 990 utpote
910 921 993 992 quae
1012 895 1088 969 nibil
1107 899 1166 969 sibi
1187 896 1361 981 subtrahit,
1380 919 1452 966 curn

274 1023 431 1117 aliquibus
451 1023 544 1093 etiam
564 1025 697 1093 maxima
717 1023 884 1116 elargitur,
904 1047 967 1096 nec
987 1027 1104 1107 aufert,
1124 1025 1210 1119 quod
1229 1023 1373 1106 confert,
1394 1047 1456 1094 nec

274 1151 361 1246 quod
380 1151 495 1234 donat,
523 1151 650 1222 amittit.
680 1153 753 1245 lpsa
780 1153 898 1222 etenim
922 1153 1050 1236 ineos,
1076 1175 1158 1246 quos
1177 1152 1209 1221 in
1228 1157 1355 1244 partem
1374 1174 1455 1222 suae

273 1277 498 1348 sollicitudinis
526 1283 657 1361 evocat,
684 1277 732 1348 sic
760 1278 927 1372 dispensat
951 1303 1053 1350 onera
1078 1287 1113 1350 et
1137 1279 1302 1361 bonores,
1328 1285 1454 1348 utnon

274 1407 377 1477 minus
404 1428 476 1475 eam
503 1405 645 1476 omnium
674 1405 894 1478 Ecclesiarum
924 1429 1002 1479 cura
1031 1405 1200 1490 sollicitet,
1230 1413 1263 1476 et
1287 1405 1454 1498 plenitudo

274 1531 516 1602 ecclesiasticae
535 1532 709 1624 potestatis
728 1512 881 1616 adornet,
901 1557 996 1628 quam
1015 1556 1080 1606 non
1100 1533 1221 1628 patitur
1240 1531 1328 1602 Petri
1348 1531 1451 1626 priui-

272 1659 393 1753 legium
412 1658 576 1728 minorari.

363 1787 442 1856 Cum
468 1786 568 1878 igitur
591 1785 633 1855 ad
661 1784 873 1877 apostolicam
892 1786 1011 1857 Sedem
1037 1787 1257 1882 personaliter
1280 1783 1453 1868 laboraris,

273 1919 306 1983 et
323 1935 383 2006 per
409 1911 642 2004 impositionem
668 1933 816 1982 manuum
841 1919 1025 1982 nostrorum
1052 1913 1243 1984 diaconatus
1262 1917 1295 1981 et
1315 1912 1455 2004 presby·

273 2045 398 2110 teratus
422 2038 608 2132 susceperis
629 2037 762 2108 ordines
782 2037 866 2108 etin
886 2037 1074 2131 episcopum
1100 2039 1229 2109 tandem
1249 2039 1352 2109 fueris
1372 2060 1454 2108 oon·

272 2173 431 2248 sacratus,
452 2163 626 2257 specialem
644 2163 701 2233 tibi
721 2163 859 2258 gratiam
878 2165 988 2234 lacere
1008 2163 1168 2246 uolumus,
1189 2171 1273 2236 etta
1293 2149 1455 2257 persona·

272 2293 347 2363 liter
365 2292 560 2362 intendimus
582 2290 755 2360 bonorare.

361 2423 410 2490 Eo
433 2423 581 2512 propter,
609 2416 802 2488 uenerabilis
821 2419 852 2487 in
874 2416 1004 2487 Christo
1024 2419 1138 2500 frater,
1167 2419 1232 2488 tuis
1251 2417 1350 2509 justis
1368 2420 1455 2511 peti-

273 2547 415 2640 tionibus
435 2551 615 2614 annuentes
635 2543 830 2613 auctoritate
849 2543 906 2612 tibi
920 2531 1146 2637 'praesentium
1166 2543 1390 2637 indulgemus,
1417 2555 1455 2615 ut

273 2673 419 2743 subditos
446 2678 542 2753 tuos,
571 2669 623 2764 qui
649 2672 681 2740 in
707 2671 846 2740 clericos
874 2677 907 2740 et
932 2671 1013 2741 alios
1033 2674 1120 2742 viros
1139 2672 1314 2765 religiosos
1341 2693 1455 2742 manus

272 2798 444 2890 injecerint
463 2796 633 2879 violentas,
653 2798 848 2876 auctoritate
868 2819 907 2866 ac
922 2799 991 2866 vice
1010 2805 1124 2868 nostra
1142 2797 1321 2868 secundum
1334 2797 1454 2869 Eccle-

273 2924 340 2994 siae
357 2925 494 2993 formam
514 2921 682 3004 absolvas,
708 2922 770 2990 nisi
789 2921 926 2991 forsitan
947 2923 989 2992 ita
1008 2921 1107 2993 fuerit
1125 2925 1266 2994 enormis
1286 2946 1453 3007 excessus,

273 3059 309 3122 ut
328 3052 443 3120 merito
464 3048 589 3131 credas,
616 3070 673 3117 eos
693 3048 733 3117 ad
752 3047 870 3117 Sedena
891 3049 1102 3141 apostolicam
1123 3050 1346 3120 destinandos.
1376 3051 1453 3120 bal-

274 3180 433 3250 sariorum
459 3199 587 3270 quoque
618 3173 852 3244 absolutionem
880 3181 957 3245 tuae
986 3177 1185 3247 fraternitati
1211 3180 1453 3260 committimus,

273 3308 299 3376 si
319 3307 434 3377 forsan
453 3307 485 3373 in
505 3299 612 3396 sigillo
631 3309 689 3372 tuo
710 3302 758 3370 vel
779 3301 980 3372 subditorum
1000 3311 1131 3374 tuorum
1150 3303 1257 3375 uitium
1277 3307 1453 3376 commise-

272 3435 337 3504 rint
356 3432 516 3504 falsitatis.

363 3559 405 3630 Ut
424 3565 531 3629 autem
550 3565 700 3650 tanquam
721 3577 860 3649 sponsus
880 3555 920 3625 de
938 3556 1079 3627 thalamo
1099 3557 1210 3627 matris
1229 3558 1393 3650 procedas
1411 3559 1453 3628 ad

273 3709 438 3781 sponsam,
459 3683 677 3756 circumdatus
696 3681 907 3752 uarietatibus
927 3691 960 3752 et
979 3683 1248 3777 indulgentiarum
1267 3691 1453 3756 nostrarum

272 3815 445 3885 decoratus
465 3813 596 3892 amictu,
615 3811 672 3882 tibi
692 3809 909 3902 personaliter
927 3811 1144 3903 indulgemus,
1165 3821 1212 3894 ut,
1232 3814 1258 3882 si
1278 3815 1454 3908 guineges

271 3943 303 4012 in
322 3937 683 4030 Constantinopolitano
703 3937 840 4030 lmperio
860 3935 981 4007 luerint
999 3937 1194 4031 inungendi,
1213 3939 1287 4008 dum
1305 3945 1412 4010 tamen
1435 3964 1455 4009 a

271 4075 304 4138 te
323 4066 467 4138 inunctio
487 4063 673 4157 postuletur
692 4070 726 4132 et
745 4085 898 4133 assensus
925 4063 1099 4155 lmperialis
1126 4065 1274 4148 accedat,
1299 4065 1453 4160 inungas.

271 4193 355 4264 Nulli
375 4215 457 4288 ergo
477 4199 541 4262 etc.
563 4197 695 4261 nostrae
715 4189 936 4260 concessionis
957 4195 1021 4260 etc.

360 4319 477 4390 Datum
501 4319 618 4401 Reum,
647 4317 732 4412 apud
758 4323 902 4387 sanctum
928 4319 1075 4399 Petrum,
1103 4319 1143 4389 lll
1167 4317 1300 4388 llalend.
1321 4320 1456 4414 Aprilis,

271 4469 355 4520 anno
377 4446 456 4515 Vlll.
