3148 5080
283 345 333 420 50
682 357 925 416 Gnarsorusnrurr
940 361 1043 417 hsoxrr
1056 363 1077 418 l.

376 522 455 600 „Die
479 524 661 590 Venetianer
688 525 837 590 erhielten
865 525 1029 594 hicrdorch
1057 529 1143 593 nicht
1168 549 1226 596 nur
1253 528 1304 594 die
1327 529 1483 612 uoeingc·

283 633 446 700 schrtnlrte
468 634 766 716 Handlungst‘reiheit
788 636 828 698 im
851 653 968 717 genien
990 637 1204 719 griechischen
1225 637 1341 704 lteichc
1362 636 1428 701 und
1451 639 1485 700 io

284 743 343 806 den
359 743 552 825 wichtigsten
567 743 729 816 Seehtien,
747 743 879 808 sondern
895 745 941 810 sio
957 745 1082 810 wurden
1099 747 1176 810 auch
1193 769 1251 812 von
1268 745 1347 812 allen
1358 745 1485 812 Fiscel-

285 851 528 933 anforderungen
550 851 806 936 losgeeprochen,
829 853 879 916 die
896 853 1008 918 Kirche
1032 855 1088 920 des
1111 856 1183 920 heil.
1201 855 1323 920 hlarlrus
1341 854 1484 938 erlangte

284 955 419 1041 gewissc
436 958 556 1023 Gemite
572 959 603 1022 in
620 958 864 1045 Constantinopel
887 962 998 1035 selbot,
1026 963 1087 1027 und
1109 963 1164 1028 der
1188 963 1275 1047 Dogc
1296 965 1404 1029 wurdc
1429 963 1487 1027 mit

242 1051 246 1064 ⁸
285 1065 354 1130 dem
371 1068 552 1152 prttchtigen
568 1068 648 1132 Titel
665 1069 750 1132 eines
767 1069 1013 1142 Protosehasten,
1030 1071 1085 1134 der
1097 1071 1253 1136 Patriarch
1268 1093 1325 1140 uon
1343 1071 1488 1154 Venedig

286 1175 340 1240 mil
364 1175 419 1239 der
441 1174 558 1240 thrde
580 1175 665 1240 eines
688 1176 879 1262 Hypertenus
897 1177 933 1263 (l.
951 1179 1177 1266 Hypertimoe)
1196 1179 1420 1245 heschenlrct⁴‘
1439 1217 1485 1228 -

286 1285 401 1360 „Dicae
432 1284 511 1348 noch
542 1283 732 1348 unbekannte
759 1284 901 1350 Urlundc
933 1291 1012 1350 setat
1047 1287 1104 1352 den
1139 1288 1387 1353 venetianischen
1422 1286 1488 1352 und

286 1393 502 1475 griechischen
518 1393 594 1475 Sieg
609 1393 684 1458 dher
701 1393 758 1457 den
775 1393 903 1468 hubert,
924 1395 1063 1460 welchcn
1080 1397 1261 1462 llomualdus
1277 1417 1337 1462 uon
1352 1394 1488 1461 Salen-no

287 1501 508 1583 verschweigt,
531 1503 592 1566 und
609 1501 769 1567 hlalaterra
785 1502 910 1566 trochen
929 1503 1095 1585 hbergeht,
1117 1503 1264 1570 Wilhelm
1281 1523 1339 1568 rou
1356 1502 1489 1588 ltpulien

289 1608 363 1672 aber
379 1609 438 1674 und
451 1609 534 1674 hnna
546 1609 695 1674 Comnena
712 1609 881 1693 bezeugen,
899 1631 1006 1676 ausser
1019 1612 1157 1676 Zneit‘cl.
1175 1611 1238 1676 Der
1250 1609 1494 1676 Freiheitsbrici

290 1717 376 1802 tango
392 1723 474 1782 an:“
545 1794 546 1798 Ἰ

380 1825 419 1890 Et
435 1827 506 1910 quid
522 1847 652 1912 unquam
670 1831 718 1890 est
734 1828 926 1892 commutatio
944 1848 1063 1903 eorum,
1080 1849 1148 1912 que
1164 1831 1295 1895 sincere
1310 1828 1490 1894 dilectionis

291 1939 323 1997 ct
338 1933 407 1999 tidei
424 1935 532 2023 sunt1)
558 1987 565 2002 .
592 1985 599 2000 .
626 1985 633 2000 .
659 1937 788 2022 qualiter
804 1941 903 2000 autem
921 1936 1054 2002 mirificis
1071 1939 1254 2004 constructis
1270 1937 1399 2002 navibus
1414 1936 1490 2022 Epi-

291 2042 443 2117 damnum,
468 2045 547 2131 quod
571 2065 627 2109 nos
653 2045 872 2130 Dyrrhachium
895 2065 1052 2120 vocamus,
1079 2048 1233 2120 venerint,
1262 2051 1293 2111 et
1315 2047 1400 2112 viros
1423 2048 1493 2110 nari

292 2160 462 2237 pugnantes
490 2156 520 2218 in
548 2155 686 2218 auxilium
708 2154 795 2219 nobis
817 2155 995 2228 obtulerint,
1024 2157 1212 2240 proprioque
1234 2154 1312 2220 stolo
1338 2155 1491 2220 scelerosi

294 2261 402 2326 stolum
414 2262 496 2326 illius
508 2268 647 2347 potenter
659 2264 835 2337 devicerint,
851 2264 1017 2347 perdentes
1030 2284 1096 2328 oum
1110 2265 1186 2348 ipsis
1198 2264 1283 2336 uiris,
1295 2263 1492 2348 qualiterque

295 2371 393 2435 adhuc
410 2371 496 2436 nobis
512 2373 650 2436 terentes
665 2378 879 2456 permaneant,
902 2377 933 2436 et
949 2374 1021 2446 alia,
1045 2393 1112 2458 quae
1128 2374 1159 2436 in
1181 2373 1256 2437 mari
1280 2371 1492 2436 laborantibus

293 2479 342 2544 his
358 2480 503 2546 videlicet
517 2481 589 2545 uiris
606 2487 728 2566 peracta
744 2487 824 2554 sunt,
842 2485 873 2546 et
885 2501 950 2566 quae
963 2487 1101 2546 correcta
1115 2501 1220 2545 omncs
1232 2485 1402 2546 noverunt.
1418 2529 1426 2545 .
1442 2479 1494 2567 .·)

294 2594 432 2674 tempore
453 2592 601 2673 erogativi
623 2589 764 2676 accip‘ere
786 2591 962 2656 solemnium
985 2591 1092 2674 viginti
1119 2591 1229 2663 libras,
1257 2597 1407 2674 quatenus
1435 2610 1494 2673 per

296 2698 444 2763 ecclesias
477 2699 657 2764 distribuant
693 2700 831 2785 proprias
865 2749 872 2762 .
898 2750 906 2763 .
932 2698 981 2786 .⁸)
1018 2699 1172 2764 constituit
1204 2698 1353 2762 serenitas
1386 2705 1495 2762 nostra

296 2808 514 2871 sanctissimam
535 2808 702 2874 Ecclesiam
727 2808 760 2871 S.
785 2809 921 2892 Apostoli
949 2813 980 2872 et
1006 2806 1210 2890 Evangelistae
1235 2806 1330 2870 hlaroi
1354 2805 1497 2870 Venetiis

297 2917 479 2980 existentem
495 2917 533 2980 ab
548 2937 728 3004 unoquoque
745 2917 1018 3001 Amalphitanorum
1035 2915 1298 3000 Constantinopoli
1321 2921 1353 2978 et
1375 2915 1409 2977 in
1430 2919 1497 2979 tota

299 3023 439 3088 Romania
468 3023 674 3110 ergasteriat)
709 3025 900 3098 habentium,
929 3029 961 3088 et
987 3025 1041 3088 sub
1070 3027 1222 3107 potestate
1245 3023 1319 3088 dicti
1340 3021 1497 3086 Pati-itiati

299 3131 491 3196 existentium
512 3151 692 3218 unoquoque
715 3151 791 3195 anno
808 3133 950 3216 accipere
966 3133 1141 3196 numismata
1162 3131 1338 3216 Hyperpera
1353 3131 1424 3194 tria
1451 3131 1500 3196 hd

298 3239 365 3303 haec
394 3239 519 3322 largitur
546 3242 591 3305 eis
611 3243 778 3324 ergasteria
801 3241 832 3303 in
854 3239 976 3305 Embclo
1002 3237 1184 3312 Peramatis,
1212 3238 1245 3302 id
1266 3245 1315 3303 est
1335 3241 1500 3313 transitus,

300 3349 469 3422 existentia,
487 3369 554 3415 oum
567 3369 670 3413 eorum
683 3347 813 3422 solariis,
830 3369 897 3434 que
913 3350 1067 3413 introitum
1083 3354 1114 3412 et
1129 3349 1240 3412 exitum
1258 3349 1371 3414 hahent
1385 3370 1500 3414 veram

301 3457 470 3532 Embolum,
482 3459 709 3544 progredientia
722 3459 759 3523 ab
772 3459 922 3524 Hebraico
934 3457 1078 3545 usquead
1090 3459 1201 3531 locum,
1214 3459 1265 3542 qui
1277 3458 1501 3541 diciturVigla.

299 3565 460 3631 concessit
476 3571 574 3631 autem
591 3565 747 3632 celsitudo
769 3573 889 3643 nostra,
914 3587 966 3632 eos
988 3567 1144 3630 uniuersas
1167 3566 1298 3629 mercari
1320 3567 1443 3649 species
1468 3567 1501 3630 in

301 3676 437 3740 omnibus
453 3676 605 3740 Romaniae
621 3675 772 3759 partibus,
797 3675 939 3742 uidelicet
955 3675 1034 3759 apud
1054 3693 1194 3757 magnam
1211 3672 1410 3748 Laodiceam,
1434 3676 1502 3740 ltn-

290 3785 461 3858 .tioehiam,
495 3781 717 3869 hlamistram⁵)
743 3832 750 3848 .
778 3833 784 3846 .
812 3833 818 3847 .
845 3833 851 3846 .
878 3791 908 3848 et
931 3783 1010 3867 apud
1037 3784 1132 3867 ipsam
1156 3801 1291 3864 magnam
1313 3782 1440 3856 urbem,
1471 3790 1506 3848 ct

379 4107 464 4176 „hold
475 4108 600 4164 hernach
613 4109 698 4164 heisrt
710 4113 778 4163 ee“:
791 4108 897 4162 habret.

380 4200 522 4268 ,hernach
531 4198 606 4254 wird
615 4199 670 4255 den
680 4200 805 4254 Kirclson
814 4216 870 4252 oon
885 4191 1004 4268 Vertcdip'
1015 4198 1062 4252 aio
1072 4197 1204 4252 Almoccn
1213 4201 1409 4265 carperem&
1423 4200 1507 4254 hebr.

379 4289 449 4358 „der
466 4288 510 4342 st.
523 4287 736 4343 Morcroekirchc
752 4286 865 4342 werden
884 4287 1036 4342 desondcro
1051 4287 1163 4359 Gcfdlle
1183 4287 1405 4344 cordeholten“.·
1418 4289 1502 4344 hebr.

383 4377 653 4446 „(Kromldden“).·
666 4378 772 4432 Lebret.

378 4469 481 4536 „slsier
498 4469 612 4523 werden
629 4467 685 4522 olle
702 4465 846 4538 Seehdfen
860 4469 998 4535 personat,
1021 4483 1064 4521 roo
1084 4465 1129 4520 die
1154 4465 1323 4522 Venetioncr
1346 4468 1509 4540 cinfohrcn

377 4559 542 4628 lodonen)“:
561 4559 666 4614 habret.
