3130 5078
353 323 448 378 luuoc.
461 323 494 378 lll
509 339 597 378 cursu.
613 339 649 378 sn
664 318 973 378 suessionenses.
1176 311 1252 384 533

73 495 245 587 pactiones
284 495 386 564 tuisse
427 494 521 564 initas
569 501 602 562 et
641 494 830 585 juramento
880 491 1023 562 firmatas
1060 495 1092 560 in
1128 493 1254 585 scripto

72 623 326 692 conventionum
352 619 506 713 ipsarum,
537 627 594 690 tuo
615 628 649 690 et
667 617 821 690 nobilium
840 619 994 697 virorum,
1025 617 1254 713 emnium]

71 749 270 818 marchionis
280 747 559 828 Montis-Ferrati,
573 746 743 817 hdocici
754 745 919 816 Blesensis
935 751 968 814 et
982 743 1136 838 anona's
1150 747 1255 817 sancti

69 874 172 957 Pauli,
189 877 354 956 comitum,
365 873 479 966 sigillis
494 875 628 955 munito,
644 873 730 964 quod
743 894 853 942 coram
866 871 959 940 nobis
969 871 1095 964 perlegi
1105 873 1255 957 fecimus,

70 1002 298 1095 perspeximus
317 1001 494 1084 contineri,
520 1023 580 1094 per
598 1023 696 1092 quas,
721 1000 748 1068 si
768 999 903 1068 tirmiter
922 1005 1139 1078 servarentur,
1168 1000 1256 1071 Con·

68 1127 357 1221 stantinopolitana
373 1127 522 1197 Ecclesia
534 1149 599 1197 non
615 1125 776 1196 modicum
790 1125 977 1196 laederetur
990 1132 1022 1196 et
1037 1125 1255 1218 derogaretur

70 1254 274 1349 apostolicae
295 1253 455 1345 dignitati,
482 1275 553 1322 cum
574 1261 672 1346 capnt
691 1275 808 1346 expers
828 1274 902 1322 esse
921 1275 987 1322 non
1005 1253 1111 1344 possit
1129 1253 1254 1325 doloris

69 1383 305 1464 membrorum,
332 1403 392 1450 nec
418 1380 500 1450 idem
528 1379 659 1462 dolere,
687 1381 763 1472 quin
782 1379 1020 1471 compatiantur
1039 1383 1073 1448 et
1095 1379 1252 1464 membra,

69 1532 131 1578 uos
152 1509 256 1578 eidem
275 1505 456 1589 Ecclesiae,
481 1507 565 1576 sicut
583 1515 743 1590 tenemur,
766 1505 909 1576 volentes
929 1505 1059 1587 adesse,
1085 1505 1251 1600 supplica·

69 1636 205 1716 tionem,
225 1657 319 1728 quam
339 1656 399 1727 pro
419 1633 538 1703 eisdem
559 1633 763 1726 pactionibus
782 1632 1008 1704 confirmandis
1027 1631 1121 1702 nobis
1140 1633 1251 1726 porri-

69 1785 152 1854 gere
170 1761 367 1854 procurasti,
386 1783 452 1830 non
472 1759 618 1830 duximus
637 1759 874 1831 admittendam.

162 1889 197 1958 ln
217 1890 263 1958 eis
282 1909 419 1979 namque
440 1887 668 1960 continebatur
687 1895 859 1979 expresse,
887 1886 974 1979 quod
1000 1888 1087 1956 inter
1105 1887 1252 1957 Francos

68 2023 104 2085 et
123 2015 265 2085 Venetos
284 2013 377 2084 dividi
405 2013 526 2082 debent
549 2013 777 2106 possessiones
797 2013 1059 2094 ecclesiasticae,
1085 2019 1252 2084 reservata

68 2142 199 2212 clericis
224 2143 396 2234 portione,
423 2142 463 2211 de
491 2164 552 2232 qua
578 2148 716 2232 possent
740 2139 918 2211 honorilice
945 2139 1133 2209 sustentari.
1172 2140 1251 2210 Cum

67 2268 134 2338 hoc
149 2269 250 2360 igitur
264 2269 446 2362 attemptari
464 2291 528 2336 non
542 2279 658 2360 posset
672 2268 741 2336 sine
761 2266 877 2360 injuria
892 2268 1064 2349 creatoris,
1080 2263 1251 2356 juramen·

65 2403 135 2465 tum
154 2419 252 2488 super
271 2395 334 2465 boc
353 2397 542 2488 praestitum
562 2393 706 2462 illicitum
727 2395 854 2487 penitus
875 2399 1060 2487 appareret,
1081 2401 1115 2463 et
1134 2403 1249 2488 posset

65 2521 244 2614 perjurium
260 2523 367 2613 potius
383 2519 549 2613 appellari,
566 2519 625 2588 nisi
645 2521 759 2604 „soloe
773 2521 974 2614 apostolicae
984 2517 1085 2590 Sedis
1098 2520 1247 2592 bonore“

65 2650 97 2718 iu
117 2648 233 2718 eodem
249 2649 436 2740 juramento
456 2647 573 2716 luisset
591 2646 766 2738 adjectum.
797 2648 879 2732 ,Quia
899 2670 982 2740 ergo
1002 2647 1108 2716 honor
1127 2647 1247 2718 Eccle-

64 2777 132 2845 siae
161 2777 324 2845 Romanae
353 2797 418 2844 non
443 2779 629 2844 servaretur
656 2772 803 2856 illaesus,
833 2775 859 2842 si
887 2773 1246 2868 Constantinopolitano

66 2901 227 2983 Ecclesia,
248 2925 330 2994 quae
344 2901 521 2971 membrum
537 2907 589 2970 est
603 2899 699 2970 Sedis
714 2899 913 2993 apostolicae
929 2900 1084 2993 speciale,
1104 2901 1135 2970 in
1151 2903 1248 2973 muti·

67 3029 189 3100 latione
208 3029 450 3122 possessionum
467 3051 597 3098 suarum
611 3029 770 3098 sustineat
784 3028 1023 3109 detrimentum,
1042 3031 1251 3100 serenitatem

66 3165 153 3226 tuam
182 3179 337 3249 rogamus
366 3155 521 3226 attentius
549 3162 583 3224 et
610 3175 798 3238 monemus,
827 3162 862 3224 et
885 3157 916 3224 in
942 3155 1167 3224 remissionem
1191 3155 1250 3226 tibi

64 3290 196 3352 tuorum
217 3283 415 3374 injungimus
435 3287 664 3373 peccatorum,
692 3289 850 3375 quatenus
876 3281 959 3351 illins
978 3282 1114 3364 intuitu,
1142 3283 1195 3374 qui
1215 3291 1248 3353 tc

64 3410 106 3480 ad
126 3410 295 3502 lmpcrium
311 3409 503 3491 sublimavit,
523 3410 623 3500 ipsius
638 3433 792 3503 sponsam
810 3409 935 3478 habens
950 3409 1143 3501 propensius
1158 3432 1249 3479 com-

66 3536 266 3617 mendatam,
292 3536 332 3606 ad
360 3535 549 3606 divisionem
576 3537 820 3629 possessionum
845 3559 974 3606 suarum
1001 3534 1161 3606 ullatenus
1182 3559 1247 3605 non

65 3661 240 3756 procedas,
267 3669 300 3732 et
319 3663 406 3754 ipsas
426 3663 465 3730 ab
486 3663 555 3732 aliis
575 3663 669 3732 dividi
690 3685 755 3733 non
774 3665 955 3756 permittas,
984 3670 1031 3745 ut,
1051 3661 1128 3754 jure
1149 3663 1248 3756 ipsius

67 3789 236 3859 Ecclesiae
265 3789 394 3870 illaeso,
421 3789 506 3857 sicut
534 3789 701 3870 convenit,
736 3796 948 3866 conservato,
979 3789 1019 3858 ab
1050 3811 1090 3858 eo
1118 3795 1250 3882 practer·

64 3915 359 3986 remunerationem
380 3915 559 3986 coelestem
578 3917 735 3985 merearis
754 3917 785 3985 in
805 3917 931 4010 Imperii
951 3917 1034 3986 solio
1055 3915 1249 3996 confirmari,

63 4043 161 4134 cnjus
181 4066 332 4136 sponsam
353 4044 518 4113 curaveris
538 4044 712 4114 honorare.
734 4043 769 4113 ld
785 4051 893 4114 autem
911 4049 1003 4114 tanto
1024 4043 1124 4113 debes
1142 4043 1249 4112 liben-

61 4172 128 4240 tius
148 4169 341 4252 observ'are,
368 4177 487 4263 quanto
513 4171 545 4238 in
566 4172 780 4242 coronatione
803 4177 858 4241 tua
880 4195 918 4240 ex
938 4172 1053 4262 majori
1078 4171 1249 4240 devotione

58 4296 200 4390 jurasti,
221 4296 309 4388 quod
328 4297 359 4365 iu
376 4297 453 4386 jure
472 4321 533 4366 sno
553 4303 780 4368 manuteneres
799 4298 980 4378 Ecclesiae,
1002 4305 1037 4367 et
1055 4299 1087 4366 in
1107 4299 1173 4367 suis
1193 4321 1249 4368 cas

63 4423 246 4494 rationibus
266 4423 469 4493 defensares.

155 4549 271 4620 Datum
290 4551 402 4635 Rome,
423 4551 508 4644 apud
527 4559 673 4622 sanctum
690 4551 832 4636 Petrum,
852 4551 878 4642 [
884 4551 928 4624 VI
936 4551 1016 4622 Idne
1030 4552 1245 4646 Februarii]
