3110 5076
256 325 332 396 224
537 333 765 390 Cnhssrhuomum
779 335 955 388 VENMOEUH
969 349 1146 390 ῦθΝῦίιῦῦΰΙ.

342 507 508 578 Diamante
527 529 684 601 perperos
703 506 957 599 quatuordeeim.

343 635 532 706 Leonardus
552 634 653 706 Gnissi
671 657 828 728 perperos
846 635 989 727 triginta.

342 763 484 833 Joannes
503 761 544 832 de
563 761 682 831 Ceoilia
700 784 859 855 perperos
877 761 1059 832 duodecim.

341 889 478 983 Magnus
496 889 659 959 Hubertus
678 911 834 982 perperos
853 888 1045 981 quindecim.

341 1017 450 1088 Marso
464 1017 637 1089 Centoeori
657 1040 814 1112 perperos
833 1015 1202 1109 quadragintaquinque
1221 1021 1255 1084 et
1272 1012 1423 1082 medium.

341 1143 530 1215 heonardus
548 1143 701 1215 Marcello
720 1165 876 1238 perperos
895 1142 1100 1234 sehtuaginta
1119 1143 1183 1212 duo
1202 1147 1235 1212 et
1254 1149 1381 1233 quarta.

341 1271 483 1343 tacebas
501 1271 610 1341 Dauro
629 1293 787 1366 perperos
806 1271 1037 1365 quinquaginta
1055 1277 1135 1340 tres.

341 1399 481 1469 Marinus
502 1397 694 1492 Pasquaiigo
711 1422 869 1494 perperos
889 1397 1079 1492 quindecim.

341 1524 453 1596 Vitatis
473 1525 583 1597 Mauro
601 1550 757 1622 perperos
776 1526 888 1619 viginti
907 1525 1057 1620 quinque.

340 1655 456 1724 Petrus
475 1654 654 1725 Zanoarolo
672 1675 830 1748 perperos
848 1653 994 1744 triginta.

341 1780 453 1851 Vitatis
472 1781 608 1852 Michael
627 1803 783 1875 perperos
802 1787 930 1851 eentum
950 1787 983 1850 et
1000 1778 1112 1870 viginti
1131 1775 1183 1847 Vl.

339 1907 486 2002 Angelus
505 1908 634 1980 Sanudo
654 1931 810 2003 perperos
829 1914 968 1990 eentum,
989 1906 1092 1977 minus
1110 1926 1218 1974 unum.

339 2035 491 2108 Nicolaus
511 2036 608 2108 'liuto
627 2059 786 2131 perperos
804 2035 937 2128 triginta
955 2041 1035 2106 tras.
1150 2101 1153 2108 Α

340 2163 468 2234 Marcus
487 2164 609 2257 ligero
628 2185 786 2257 perperos
805 2164 939 2255 triginta
957 2168 1036 2232 tres.

340 2289 501 2360 Mattheus
526 2290 630 2360 Steno
655 2311 815 2384 perperos
839 2288 1069 2382 quinquaginta
1096 2287 1254 2380 quinque,
1282 2289 1318 2355 et
1346 2281 1428 2352 alios

248 2439 410 2510 perperos
429 2417 540 2509 viginti
561 2417 702 2511 quinque
720 2440 781 2510 pro
801 2417 882 2487 Vido
902 2415 1062 2510 Speeiale.

341 2543 529 2614 Dominious
548 2543 793 2636 Malglanaoaeo
811 2565 970 2639 perperos
989 2543 1101 2634 viginti
1121 2541 1197 2612 duo.

341 2669 414 2740 Vito
433 2671 580 2742 Daududo
600 2694 761 2766 perperos
780 2673 995 2766 quadraginta
1012 2676 1094 2740 tres.

338 2797 482 2870 Jaoohus
501 2798 614 2868 Mauro
633 2821 793 2892 perperos
811 2799 972 2870 tredecim
991 2805 1025 2869 et
1043 2797 1192 2868 medium.

335 2926 519 3019 Stephanus
553 2925 737 2999 Badouario
774 2949 933 3020 perperos
969 2929 1115 3008 eentum,
1153 2924 1257 2994 nunus
1289 2921 1361 3015 'duo
1395 2927 1432 2988 et

251 3052 400 3124 medium.

338 3181 449 3250 Bonus
462 3181 643 3252 Zanoarolo
663 3180 879 3252 commodarit
896 3203 1057 3276 perperos
1076 3175 1203 3252 eentum
1222 3199 1284 3271 pro
1302 3177 1429 3247 Joanne

253 3307 383 3379 Vieturi.

338 3433 523 3528 Stephanus
550 3434 708 3528 Bellaque
736 3459 896 3532 perperos
924 3438 1037 3532 viginti
1065 3459 1181 3519 unum,
1212 3434 1265 3527 qui
1290 3437 1367 3502 sunt
1386 3430 1426 3500 de

250 3561 411 3634 Mattheus
429 3565 568 3634 Franco.

339 3691 434 3760 item
452 3691 597 3761 videntes
616 3688 696 3774 Nos,
716 3692 804 3783 quod
823 3691 1016 3777 hominibus,
1037 3694 1089 3786 qui
1105 3697 1213 3763 cartas
1230 3688 1300 3760 aliis
1319 3685 1427 3756 homi-

251 3817 343 3888 nihus
364 3818 531 3900 tenebant,
550 3817 766 3888 aoeessehant
779 3843 797 3889 a
811 3820 917 3904 nohis,
937 3822 1095 3906 dieentes,
1115 3817 1202 3913 quod
1215 3839 1278 3888 nee
1296 3836 1428 3906 perma-

250 3967 331 4014 nere
365 3968 536 4038 possumus
568 3945 599 4014 in
631 3945 735 4030 stolo,
767 3971 829 4019 nee
862 3947 942 4040 (de)
974 3948 1112 4031 hahere,
1152 3945 1237 4040 quod
1271 3942 1428 4012 hahemus

251 4072 500 4156 commodatum,
518 4073 640 4144 ioeireo
655 4073 728 4166 quia
742 4075 878 4159 cartule,
899 4099 979 4169 quas
992 4078 1096 4148 saetas
1115 4075 1282 4156 hahemus,
1301 4072 1328 4140 si
1346 4093 1427 4162 per-

252 4199 462 4270 manserimus
498 4206 555 4271 aut
588 4201 914 4287 commodaverimus,
947 4211 1043 4276 erunt
1075 4205 1195 4285 iraeto3
1229 4225 1290 4274 nos
1319 4207 1429 4271 autem

251 4333 422 4421 sperantes
437 4327 478 4398 de
491 4329 649 4414 bonitate,
668 4335 705 4400 ut
718 4331 868 4424 superius
883 4329 1028 4415 diximus,
1049 4337 1230 4404 statuentes
1245 4333 1428 4414 statuimus,

251 4460 284 4524 et
303 4455 351 4526 sie
369 4478 431 4524 nos
450 4455 615 4550 adimpleri
634 4457 853 4551 promisimus,
878 4457 964 4554 quod
985 4481 1046 4530 nee
1064 4465 1201 4553 propter
1221 4483 1279 4530 eos
1296 4481 1430 4554 perma-

251 4604 331 4650 nere
358 4581 390 4652 in
418 4581 521 4667 stolo,
555 4607 616 4654 nee
644 4593 781 4679 propter
809 4586 897 4680 quod
925 4609 944 4655 a
972 4587 1126 4658 Comanis
1155 4586 1430 4668 commodaverat,

1545 2137 1549 2190 Ι

1547 2757 1552 2837 i
