3148 5080
283 376 332 448 52
603 375 611 388 ⁸
680 384 922 440 Dunrsosuuuruu
940 383 1041 438 dnnxn
1055 379 1074 433 l.

282 581 344 628 nos
359 581 425 629 non
441 555 597 628 dicamus.
624 556 719 628 Unde
741 556 823 626 etin
843 554 1106 626 remuneratione
1125 547 1311 622 huiusmodi
1332 547 1482 643 ipsorum

283 685 490 756 servitiorum
508 685 593 756 bene
612 685 714 756 uoluit
728 684 900 778 Imperium
919 705 1026 753 meum
1045 703 1105 774 per
1123 701 1263 773 presens
1279 673 1482 768 chrysobul-

285 812 353 882 lion
368 834 564 896 sermonem,
579 813 730 907 accipere
745 835 804 882 eos
820 833 926 881 annue
946 809 977 880 in
995 816 1145 901 tempore
1163 829 1248 898 roge
1263 803 1485 898 solempnium

284 938 441 1007 librarum
456 937 522 1006 XX.
540 943 573 1008 et
584 945 620 1008 ut
635 937 870 1008 distribuantur
883 936 945 1006 hec
960 936 991 1004 in
1006 934 1157 1028 proprias
1177 931 1338 1002 ecclesias
1358 953 1485 1000 secuu-

287 1062 363 1133 dum
381 1063 526 1156 ipsorum
545 1061 641 1132 uelle.
671 1063 850 1134 Honoravit
873 1069 979 1132 autem
999 1069 1033 1133 ct
1056 1059 1198 1131 nobilem
1218 1057 1344 1128 Ducem
1369 1078 1486 1137 eorum

286 1187 565 1258 uenerabilissima
584 1187 809 1258 Protoscbasti
829 1187 988 1281 dignitate
1007 1209 1079 1257 cum
1103 1206 1188 1278 roga
1213 1185 1310 1255 etiam
1331 1206 1392 1253 sua
1410 1181 1487 1276 ple-

288 1314 431 1384 nissima.
461 1313 535 1385 Non
555 1315 587 1383 in
606 1337 747 1408 persona
761 1337 842 1384 uero
858 1314 958 1408 ipsius
979 1311 1207 1383 determinauit
1225 1311 1406 1391 bonorem;
1427 1307 1489 1378 sed

290 1437 526 1510 indesinentem
546 1463 620 1510 esse
640 1447 737 1535 atque
757 1447 950 1534 perpetuum
970 1446 1003 1510 et
1021 1462 1081 1534 per
1100 1437 1333 1510 successiones
1353 1435 1407 1520 iis,
1434 1435 1490 1527 qui

291 1564 472 1636 secundum
488 1566 643 1660 deinceps
653 1567 785 1651 suerint,
801 1565 946 1638 Ducibus
960 1565 1134 1636 transmitti
1151 1563 1326 1635 definitiuis
1343 1563 1377 1632 in
1391 1562 1489 1632 urhe.

293 1691 476 1761 Houorsuit
495 1697 528 1762 et
545 1687 763 1786 patriarcham
778 1715 891 1764 eorum
906 1691 1131 1786 Hypertimon,
1152 1691 1173 1760 i.
1190 1713 1220 1760 e.
1236 1687 1491 1784 superbonora-

291 1809 406 1900 hilem,
432 1839 506 1887 cum
530 1840 614 1910 roga
639 1817 794 1888 librarum
818 1819 946 1912 uiginti.
976 1817 1019 1889 Et
1037 1817 1125 1888 bunc
1143 1840 1226 1888 uero
1246 1815 1412 1886 honorem
1431 1838 1493 1910 per

291 1943 535 2014 successionem
550 1943 582 2015 in
598 1967 669 2029 eos,
691 1945 743 2038 qui
758 1945 912 2038 deinceps
926 1945 1060 2028 suerint,
1080 1941 1283 2039 patriarchas
1297 1941 1493 2023 transmisit,

294 2073 330 2139 ut
358 2069 410 2140 bic
441 2093 573 2165 quoque
597 2073 640 2143 sit
667 2072 852 2143 indesinens
877 2077 974 2166 atque
997 2077 1195 2166 perpetuus,
1226 2075 1260 2141 et
1279 2091 1347 2140 non
1367 2073 1497 2140 tantum

295 2218 440 2290 persona
460 2197 541 2267 eius.
572 2197 749 2269 Constituit
767 2221 847 2269 uero
868 2197 1040 2291 Imperium
1059 2220 1181 2280 mcum,
1202 2202 1236 2267 et
1255 2195 1498 2266 sanctissimam

297 2321 470 2393 ecclesiam
488 2325 593 2395 sancti
607 2324 747 2418 apostoli
763 2330 796 2396 et
810 2324 1009 2418 evangeliste
1021 2324 1135 2408 Marci,
1156 2323 1210 2416 qui
1227 2323 1326 2393 estin
1342 2319 1496 2403 Uenetia,

298 2450 338 2520 ab
363 2473 429 2521 uno
455 2475 587 2544 quoque
611 2453 642 2522 in
671 2474 790 2544 magna
816 2453 947 2522 civitate
966 2457 1000 2521 et
1018 2449 1105 2520 omni
1129 2449 1287 2520 Romania
1312 2447 1501 2520 tenentium

299 2578 485 2669 ergasteria
499 2577 797 2670 Amalpbitanorum
813 2579 965 2661 omnium,
985 2577 1038 2671 qui
1060 2581 1137 2646 sunt
1156 2573 1218 2645 suh
1237 2579 1409 2668 potestate
1431 2574 1502 2644 eius

304 2703 435 2795 quidem
453 2705 663 2798 patriciatus,
691 2707 842 2799 accipere
867 2727 928 2798 per
950 2725 1211 2796 unumquemque
1230 2723 1350 2771 annum
1370 2700 1501 2772 numis-

299 2835 386 2900 mata
403 2831 476 2902 tria.
507 2830 558 2902 Ad
577 2831 643 2903 hoc
663 2831 763 2904 donat
782 2833 828 2904 cis
848 2838 881 2903 et
899 2831 1098 2924 ergasteria,
1126 2852 1190 2923 que
1209 2834 1287 2898 sunt
1311 2827 1343 2895 in
1365 2825 1501 2896 embolo

300 2957 479 3028 Peramatis
500 2982 572 3029 cum
591 2959 720 3030 solariis
744 2961 829 3044 suis,
856 2983 919 3054 que
938 2957 1060 3028 habent
1082 2957 1250 3026 introitum
1270 2960 1305 3026 ct
1324 2953 1451 3024 exitum
1470 2953 1503 3022 in

300 3088 420 3168 totum,
440 3085 530 3179 quod
548 3087 701 3180 procedit
719 3087 759 3157 ab
774 3085 914 3156 Ehraica
928 3081 1086 3178 usquead
1102 3083 1231 3176 Uiglau,
1253 3104 1383 3174 queque
1403 3079 1503 3151 hahi-

302 3215 413 3279 tantur
432 3216 466 3281 et
485 3233 549 3304 que
568 3234 634 3282 non
653 3211 859 3296 habitantur,
884 3217 917 3281 et
942 3211 975 3280 in
994 3209 1111 3302 quibus
1131 3207 1280 3279 Uenetici
1304 3213 1507 3301 permanent

306 3340 339 3404 et
359 3336 457 3406 Greci
476 3337 561 3407 sicut
580 3337 788 3429 ergasteriis;
818 3343 851 3407 et
875 3335 1050 3406 maritimas
1070 3333 1113 3403 lll
1132 3333 1256 3418 scalas,
1281 3333 1400 3426 quein
1420 3355 1506 3426 pre-

307 3461 395 3532 dicto
416 3462 521 3556 spatio
541 3465 765 3534 terminantur.
791 3463 900 3533 Donat
920 3468 1027 3532 autem
1048 3469 1081 3532 et
1095 3467 1212 3532 sancto
1228 3459 1393 3530 blindino
1409 3482 1509 3531 man·

306 3587 439 3680 hipium,
459 3586 480 3657 i.
503 3611 532 3658 e.
553 3588 737 3682 pistrinum,
757 3587 846 3682 quod
866 3594 917 3658 est
935 3587 967 3660 in
986 3587 1089 3681 ipsius
1110 3586 1253 3658 ecclesie
1272 3587 1391 3671 latere,
1413 3587 1512 3681 quod

307 3713 450 3809 pertinet
464 3713 505 3784 ad
521 3715 651 3784 domum
662 3716 776 3807 Petrij,
792 3707 825 3786 el
839 3715 936 3785 hahet
949 3715 1140 3808 pensionem
1150 3714 1428 3808 Byzzantinorum
1438 3714 1511 3786 XX.

162 3933 169 3946 υ
308 3841 464 3912 Similiter
493 3841 549 3913 dat
577 3849 611 3913 et
640 3843 812 3914 ecclesiam
840 3843 942 3914 sancti
972 3841 1112 3936 apostoli
1137 3839 1287 3925 deduce,
1318 3864 1382 3936 quc
1402 3848 1460 3914 est
1481 3843 1514 3912 in

309 3967 492 4060 Dyrrachio
521 3990 593 4038 cum
622 3967 740 4038 ibidem
769 3967 980 4038 existentibus
1007 3965 1230 4058 imperialibus
1259 3965 1515 4059 pensioualibus

310 4098 444 4188 practer
467 4095 498 4162 in
530 4089 559 4163 is
584 4094 761 4185 repositam
786 4093 939 4186 ephesin,
970 4113 1033 4184 quc
1053 4091 1152 4162 dehet
1172 4092 1242 4162 deri
1261 4091 1304 4162 ad
1323 4091 1515 4166 chelandia.

313 4221 487 4292 Concessit
506 4226 614 4290 autem
634 4221 681 4290 eis
701 4225 734 4288 et
753 4219 914 4311 negotiari
933 4219 964 4287 in
985 4241 1098 4288 omues
1117 4223 1229 4310 partes
1249 4217 1411 4289 Romanis
1432 4245 1518 4314 spe·

314 4347 382 4418 cies
400 4347 586 4427 universas,
611 4344 766 4414 uidelicet
784 4344 871 4414 circa
889 4364 1040 4434 magnam
1058 4342 1263 4426 Laodiciam,
1288 4343 1519 4432 Antiochiam,
1571 4381 1573 4384 ·

316 4478 349 4543 ct
377 4472 590 4552 llamistram,
621 4467 783 4552 Adonem,
813 4469 959 4549 Tarson,
989 4465 1142 4550 Ataliam,
1171 4467 1362 4552 Strouilou,
1394 4471 1520 4556 Chion,

316 4591 1520 4688 Theologon,Pbocian,Dyrrachion,hudonemsshoriphus,Bondizam,
