3148 5080
287 353 337 424 22
394 365 556 422 nicaenus
568 365 748 424 Vnnrronnu
760 383 797 421 nn
812 379 980 422 rnnnsnunc
992 381 1193 424 unncrrroanu
1207 379 1383 424 conuenere.

285 559 351 633 que
375 543 569 630 componat,
599 537 725 610 emittat
751 539 852 610 uitam
885 537 1131 619 altuenum
1166 543 1201 610 et
1231 536 1339 610 omnia
1364 537 1480 610 suain
1570 567 1571 602 i

284 664 450 758 publicum
469 665 674 757 redigantur.

375 789 420 860 Et
446 791 617 885 insuper
640 813 702 862 nos
721 791 833 862 Bonus
852 790 1043 862 Putricrcha
1061 814 1135 862 cum
1154 791 1278 862 nasius
1303 789 1482 862 confratri·
1570 869 1571 880 χ

284 917 347 988 hus
389 923 423 987 et
456 911 659 1011 episcopis¹)
692 919 737 988 ita
767 919 955 1001 statuimus,
988 917 1063 1012 quia
1094 917 1192 990 horno
1223 917 1294 1002 ille,
1328 918 1385 1011 qui
1418 917 1483 990 hoe
1570 933 1571 948 ¹

284 1045 414 1126 lecerit,
430 1051 485 1115 aut
495 1065 693 1116 eonsensum
705 1045 845 1116 faciendi
852 1040 884 1136 ²)
900 1045 1079 1139 prebuerit,
1095 1053 1233 1139 excepta
1247 1045 1358 1139 pelatii
1369 1067 1481 1127 causa,
1569 1079 1571 1122 2

286 1171 349 1241 erit
363 1171 651 1241 anathematizatus
671 1177 705 1242 et
723 1171 848 1242 alienus
866 1193 886 1241 n
904 1192 1047 1265 corpore
1067 1177 1100 1242 et
1118 1172 1278 1266 sanguine
1293 1171 1430 1254 demini,
1451 1177 1484 1240 et
1569 1159 1571 1214 i

286 1297 326 1368 ab
356 1299 510 1390 ingressu
534 1298 676 1369 ecclesie
704 1303 893 1393 separatus;
927 1321 990 1370 nec
1021 1319 1087 1368 non
1121 1304 1156 1369 et
1186 1321 1260 1370 cum
1292 1299 1483 1393 impiissimo
1570 1305 1571 1318 ³

284 1423 385 1508 luda,
410 1424 571 1495 traditore
599 1423 719 1494 domini
743 1425 848 1496 nostri
866 1426 947 1496 Jesu
965 1424 1105 1509 Christi,
1131 1425 1164 1496 in
1190 1431 1339 1496 eternum
1365 1425 1483 1496 incen-
1570 1409 1571 1496 l

286 1552 373 1623 diurn
401 1543 656 1641 concremari³),
690 1557 724 1622 et
756 1573 847 1622 suam
879 1573 1042 1646 nunquam
1069 1552 1112 1624 sit
1137 1551 1273 1624 meritus
1302 1551 1484 1646 adimplere
1570 1553 1571 1586 ¹

284 1679 498 1750 uoluntatem.

377 1805 452 1897 Ego
471 1806 590 1876 Petrus
609 1803 693 1875 Dux.

376 1933 451 2025 ligo
471 1932 583 2003 Bonus
602 1931 762 2002 immerito
782 1930 904 2002 Sancte
923 1931 1103 2002 Gradcnsis
1122 1931 1265 2004 ecclesie
1278 1930 1483 2004 Patrinrclrn.

376 2058 451 2150 ligo
467 2058 586 2129 Petrus
596 2057 748 2151 indignus
758 2059 934 2152 episcopus
944 2047 1311 2150 SancteOliuelensis⁴)
1327 2057 1484 2130 ecclesie.

376 2183 451 2277 Ego
471 2187 616 2255 loannes
636 2177 890 2276 Torcellanus⁸)
911 2185 1097 2280 episcopus.

376 2312 452 2404 ligo
471 2303 630 2402 Petrus⁶)
650 2309 849 2381 Eracliensis
868 2311 1046 2383 Gradensis
1066 2312 1243 2407 episcopus
1251 2303 1296 2402 ⁷).

378 2438 454 2531 Ego
473 2437 670 2509 Laurentius
690 2431 893 2530 Calpinus⁸).

378 2567 472 2658 Sign.
493 2587 607 2635 manus
626 2563 784 2658 Stephani
803 2555 1011 2657 Scribonil).

377 2663 474 2764 nem.
494 2693 593 2762 Petro
613 2691 696 2762 Duci
715 2689 882 2761 Gaudiano
891 2683 947 2782 ¹⁰).

378 2820 473 2912 Sign.
494 2839 608 2889 manus
626 2817 761 2889 loannis
781 2815 934 2887 Scutarii.

379 2946 474 3040 Sign.
495 2967 608 3016 manus
627 2944 762 3016 loannis
780 2941 912 3036 Longo.

379 3074 474 3167 Sign.
495 3094 609 3142 manus
628 3069 750 3141 Leonis
768 3070 856 3140 Petri
875 3071 1005 3162 Longo.
1108 3071 1110 3076 ’

379 3203 455 3294 Ego
474 3199 579 3270 Ursus
599 3197 798 3290 Brngadino.

379 3328 454 3420 ligo
475 3325 662 3420 Stephanus
682 3325 860 3396 Gaudiano.

379 3455 454 3547 Ego
474 3455 620 3525 loannes
641 3451 841 3524 Gradonice.

379 3581 474 3674 Sign.
494 3601 607 3650 manus
627 3578 788 3650 Valentini
808 3567 1037 3667 Gaudnri0¹¹).

380 3707 455 3799 Ego
475 3709 619 3778 loannes
637 3705 867 3777 llaurccenus.

314 3945 343 4018 ¹)
363 3942 532 3997 iratribus
569 3945 604 3994 et
639 3957 687 4012 ep.
725 3939 792 4011 Uglr.
826 3941 860 3993 et
939 3936 968 4010 ⁶)
987 3938 1015 3992 P.
1035 3936 1214 4008 graliadai
1236 3937 1369 4009 cp.Ugh.

363 4031 603 4104 episcopisTr.
939 4027 967 4100 l)
988 4028 1013 4082 in
1044 4027 1173 4097 margine:
1205 4029 1344 4094 Erecl.;
1371 4030 1493 4084 Gradi

315 4124 328 4158 s

329 4127 344 4198 )
363 4121 519 4178 iaciendo
539 4121 606 4190 Ugh.
988 4117 1092 4187 episc.
1105 4117 1150 4169 Tr.

316 4213 344 4289 ³)
365 4211 659 4269 concrematur'lr.
674 4210 861 4282 Ugh.l.con-
941 4203 968 4278 8)
990 4205 1275 4277 GaloprinusUgh.

364 4306 542 4360 cremetur.
940 4295 968 4368 ⁹)
989 4295 1028 4350 st.
1051 4295 1120 4350 filii
1140 4296 1213 4350 boni
1235 4296 1304 4368 ugn.
1324 4317 1378 4356 une
1397 4307 1494 4358 tenore

316 4397 345 4470 ⁴)
366 4395 540 4449 Olirensis
558 4393 603 4447 Tr.
990 4403 1048 4439 cum
1060 4387 1241 4455 sequentibus.

318 4489 347 4561 ⁵)
367 4485 610 4559 Torcellensis
641 4481 793 4536 ecclesie
817 4481 862 4534 'lla
931 4475 972 4547 ¹⁰)
993 4477 1022 4530 D.
1046 4477 1145 4530 Petri
1175 4475 1349 4533 Gentiani
1375 4481 1493 4540 ducis.

365 4579 433 4651 Ugln.
931 4566 973 4638 ¹¹)
993 4566 1184 4637 Sgaudacia
1203 4565 1272 4637 Ugia.
