3130 5078
321 314 490 370 luuoosurn
503 315 536 370 lll
550 331 687 372 narsnona
701 332 738 370 an
751 313 840 369 llaru.
854 315 1024 372 neruorum
1184 305 1260 378 535

174 485 381 556 Innocentius
396 487 582 580 episcopus.
597 509 712 556 servus
726 509 893 557 serrorum
909 486 973 565 dei,
989 486 1125 557 dillectis
1133 480 1164 578 ¹)
1179 487 1262 568 filiis,

81 611 181 681 nobili
211 612 280 681 viro
314 612 486 696 Rainerio‚
519 612 584 682 filio
612 612 728 695 Ducis,
763 619 796 682 et
824 613 1033 684 consciliariis
1062 612 1260 685 Venetorum

81 737 220 808 salutem
241 746 274 808 et
293 737 507 832 apostolicam
526 738 797 810 benedictionem.

172 865 347 956 Postquam
376 864 489 936 dextra
513 865 658 948 Domini,
688 889 750 960 que
777 863 960 958 glorificata
988 873 1039 936 est
1067 867 1099 936 in
1127 867 1262 950 virtute,

82 968 477 1085 Constantinopolitanum
502 992 672 1084 Imperium
690 1015 709 1062 a
728 995 844 1064 Grecis
870 993 1033 1062 transtulit
1056 991 1097 1062 ad
1115 992 1262 1076 Latinos,

83 1119 233 1190 volentes
253 1118 313 1200 hii,
338 1117 392 1210 qui
412 1117 542 1189 fuerant
560 1119 592 1188 in
611 1119 757 1190 exercitu
775 1119 980 1200 Latinorum,
1007 1119 1143 1212 lmperio
1163 1120 1223 1212 ipsi
1231 1113 1263 1211 ²)

81 1243 123 1313 de
142 1267 282 1337 persona
303 1243 419 1314 idoneo
437 1243 621 1337 providere,
647 1237 729 1336 de³)
749 1245 946 1338 principibus
965 1244 1139 1316 Galliarum
1157 1247 1261 1317 caris-

81 1372 197 1440 simum
211 1372 243 1440 in
258 1369 389 1442 Christo
408 1371 518 1455 lilium,
537 1371 740 1454 Buldninum‚
760 1372 910 1442 comitem
925 1364 1210 1464 Flandreosem⁴)‚
1229 1372 1262 1442 in

83 1495 474 1588 Constantinopolitanum
513 1499 744 1591 honoratorem
777 1497 986 1573 concorditer
1017 1496 1189 1590 elegerunt
1221 1498 1263 1568 ad

83 1623 169 1694 idem
189 1621 359 1715 Imperium
379 1623 636 1716 gubernandum.

172 1748 215 1818 Ut
232 1756 338 1820 autern
359 1749 489 1833 Veneti,
515 1751 568 1842 qui
587 1742 753 1840 fosnor)
779 1749 901 1820 laboris
926 1749 1120 1842 participes,
1150 1756 1264 1820 essent

78 1876 204 1970 pariter
223 1883 394 1948 consortes
409 1876 552 1955 honoris,
571 1877 693 1970 placuit
705 1867 865 1967 Latinis⁶)
885 1876 917 1946 in
933 1877 1102 1957 communi,
1122 1871 1198 1966 ιη’)
1218 1875 1259 1946 de

80 2003 173 2072 clero
200 2001 406 2072 tendinum
438 2009 658 2073 assumeretur
691 2003 738 2072 vir
770 1995 960 2094 idoneus⁸),
998 2009 1032 2072 et
1062 2001 1264 2094 preferretur

81 2129 123 2220 (i.
145 2152 175 2198 e.
189 2129 430 2226 preficeretur)
451 2127 807 2222 Constantinopolitano
825 2129 973 2200 Ecclesie
991 2128 1189 2228 Pptriareha.

176 2257 257 2326 Cum
272 2279 353 2349 ergo
368 2255 496 2348 quidem
511 2255 621 2326 cleriei
630 2255 827 2326 Venetorum
842 2255 979 2326 tuissent
989 2254 1139 2326 Ecclesie
1149 2262 1264 2326 sancte

81 2379 205 2474 Sophie
225 2383 359 2452 servitio
379 2382 535 2476 deputati,
556 2405 596 2452 ne
615 2382 740 2462 acefali,
759 2381 782 2450 i.
799 2405 828 2450 e.
848 2381 918 2451 sine
937 2381 1044 2474 eapite
1064 2381 1262 2464 riderentur,
1359 2357 1360 2366 ἵ

83 2509 125 2578 do
144 2508 340 2600 preficiendo
360 2509 420 2578 sihi
439 2515 572 2602 pastore
591 2513 769 2578 tractantes
790 2515 1011 2578 convenerunt
1036 2507 1203 2591 inunum,
1230 2515 1263 2578 et

82 2635 247 2706 dillectum
261 2635 369 2718 tilium,
385 2636 540 2706 Thomam
554 2635 796 2716 Maurouennm,
812 2611 1047 2704 subdiaconum
1062 2627 1261 2725 nostrum9),

81 2763 114 2832 in
133 2763 352 2834 Patriarcham
371 2763 563 2834 unanimiter
581 2761 765 2854 elegerunt,
787 2767 820 2830 et
833 2760 1107 2832 confirmationem
1123 2760 1261 2832 electio·

83 2891 134 2960 nie
161 2911 219 2960 sue
243 2913 304 2982 per
329 2891 458 2961 nuntios
483 2889 635 2982 proprios
660 2886 793 2958 anobis
816 2886 977 2958 humiliter
1004 2887 1261 2979 postulaverunt,
1327 2869 1329 2878 ¹

85 3017 182 3088 nobili
208 3018 275 3088 riro
301 3018 393 3088 Duce
412 3016 605 3087 Venetorum
630 3038 688 3107 per
712 3014 909 3107 sollempnes
934 3015 1063 3084 nuntios
1083 3036 1162 3084 euos
1181 3015 1264 3084 idem

86 3165 159 3214 cunr
178 3142 327 3214 instantia
346 3144 543 3236 requirente.

175 3270 349 3361 lmperialis
388 3293 517 3363 qnoque
549 3268 727 3340 sublimitas
760 3290 819 3360 per
852 3289 927 3336 suus
961 3260 1106 3358 notior)
1139 3268 1265 3338 litteras

85 3395 294 3489 supplicarit,
314 3403 349 3468 ut
367 3397 619 3476 conventiones,
644 3395 729 3464 inter
747 3395 851 3486 ipsum
870 3417 909 3462 ae
927 3395 1121 3486 peregrinos
1142 3418 1180 3462 ex
1200 3418 1264 3464 una

85 3527 177 3614 parte
195 3523 363 3616 ipsumque
382 3525 505 3594 Ducem
524 3530 557 3594 et
571 3522 710 3592 Venetos
730 3546 768 3592 cr
787 3520 888 3590 altera
906 3521 1001 3591 initas
1020 3527 1096 3592 unte
1115 3521 1260 3592 dehela-

85 3651 206 3718 tioncm
218 3649 320 3742 Regie
338 3652 486 3733 civitatis,
506 3653 640 3742 ejusque
653 3648 748 3741 sigilli
764 3647 933 3718 munimine
947 3639 1182 3739 roboratcs¹¹)‚
1202 3672 1265 3718 nos

84 3785 174 3848 ratas
188 3776 538 3868 dignaremnrlmbere,
554 3801 592 3846 ao
603 3799 660 3846 eas
672 3775 873 3846 auctoritatis
888 3775 1077 3866 apostoliea
1093 3775 1266 3844 munimine

90 3953 309 3962 ...μαψ-*-
334 3955 373 3962 ι..-

111 4059 138 4130 ¹)
158 4057 327 4130 otqrredilt.
347 4059 398 4110 LA.
674 4055 677 4132 Ι
727 4055 755 4126 7)
775 4057 809 4107 el
827 4071 889 4107 mss.
995 4105 997 4116 ,

740 4146 753 4218 )

109 4150 136 4219 ²)
158 4149 267 4220 ipsius
287 4149 335 4201 LP.
726 4143 738 4179 ⁸
774 4145 821 4199 rir
841 4146 880 4199 id.
901 4144 1047 4198 addidimus
1061 4162 1117 4197 cum
1132 4145 1185 4198 Bal.

108 4239 137 4310 ³)
159 4256 195 4291 ex
215 4240 283 4302 Bnl.;
304 4239 342 4292 de
362 4257 421 4292 mss.
441 4240 507 4310 (tlt.
523 4244 558 4294 ct.
574 4240 648 4311 erp
727 4237 755 4308 ”J
775 4235 941 4290 subditum
955 4253 979 4288 n.
1001 4237 1047 4290 tr.

109 4329 138 4400 ἦ)
160 4329 339 4384 l'landriue
361 4329 409 4382 LP.
695 4327 699 4333 '
717 4327 757 4398 ¹⁰)
778 4327 876 4380 nobis
896 4327 966 4388 Bal.;
986 4343 1115 4396 quoque
1134 4343 1194 4380 mss.

109 4419 137 4490 ⁵)
158 4421 297 4475 luerunt
315 4419 384 4481 Bal.;
403 4419 534 4472 luerint
553 4435 612 4472 mss.
718 4415 758 4486 ¹¹)
777 4416 1001 4486 impressione
1021 4416 1160 4474 munitas
1178 4417 1231 4472 Bal.

109 4511 139 4580 θ)
159 4512 224 4564 Lat.
246 4511 313 4572 Bal.;
332 4511 431 4564 laicis
451 4525 512 4564 mss.
