3110 5076
292 339 366 409 182
689 348 881 402 Patvmeowu
898 347 1005 400 ΙεΛΛοιι
1020 347 1077 400 tur.

288 542 380 592 nunc
398 530 432 592 et
447 517 490 590 de
513 517 674 590 Venetret's
698 521 848 613 contipit.
877 516 1057 613 lraperitm
1082 523 1172 590 enim
1196 530 1349 607 nastrum
1372 523 1480 590 remi·

123 674 127 683 ·
188 699 192 707 ·
288 651 424 719 rosamo
442 670 557 718 eorum
577 649 715 740 annone
732 644 924 716 devocionis
942 654 976 717 et
988 646 1081 740 fidei,
1099 670 1200 741 qrtam
1217 671 1301 740 erpa
1311 658 1483 742 perpetue

290 777 450 845 memorie
475 771 715 869 Imperatorem
740 781 773 844 et
799 771 1057 844 desiderabilem
1080 772 1252 846 dominum
1285 785 1319 845 et
1343 785 1483 870 patrem

290 898 431 996 Irnperii
447 903 560 971 nostri
575 897 771 981 exhibuere,
790 900 948 995 perimla
965 925 1031 997 pra
1049 900 1217 973 Romania
1234 901 1432 983 subeuntes,
1452 911 1486 972 et

292 1025 486 1111 totocorde,
507 1050 584 1098 cum
601 1027 797 1122 inambipaa
810 1031 1009 1099 obcuritate
1016 1037 1208 1124 pupnantes
1220 1040 1338 1100 canna
1352 1029 1485 1114 bootes,

292 1157 353 1251 qui
379 1163 458 1226 tnnc
484 1178 558 1225 eam
582 1157 799 1238 invaserant,
820 1155 925 1250 paulo
951 1165 1029 1226 ante
1044 1157 1139 1226 male
1157 1157 1199 1228 ab
1217 1161 1269 1230 eie
1284 1167 1384 1250 pecta
1401 1180 1485 1228 con·

293 1285 441 1378 tempsit,
465 1293 499 1354 et
520 1285 750 1352 reversionem
767 1303 886 1353 earum
903 1287 1061 1377 erumpit,
1081 1288 1197 1379 eaeque
1213 1293 1332 1356 natam
1347 1284 1487 1376 plurem

144 1431 151 1444 ’
294 1409 449 1489 aemridit,
475 1418 509 1481 et
523 1403 720 1480 'accedentes
742 1433 800 1480 eae
818 1409 1043 1504 ampleuatum
1068 1421 1135 1493 est,
1161 1421 1195 1482 et
1213 1409 1488 1506 primoquidem

293 1536 504 1633 indulpentia
520 1559 578 1608 eoa
589 1535 710 1630 dipnas
724 1539 821 1631 facit,
840 1543 880 1606 ut
895 1545 929 1607 et
939 1541 1080 1632 penitus
1097 1539 1224 1610 nullam
1242 1537 1361 1608 arnodo
1379 1538 1486 1608 soabe-

293 1675 356 1738 ant
372 1667 534 1736 lesionem
555 1689 619 1759 pro
638 1664 727 1747 biis,
747 1687 812 1758 que
829 1667 868 1734 in
885 1663 1119 1737 celsitudinem
1137 1676 1286 1738 noemam
1304 1675 1337 1737 et
1354 1665 1489 1736 Roma·

295 1797 389 1865 niam
414 1815 458 1863 eu
485 1789 651 1863 diabolica
674 1793 891 1886 infestatione
913 1795 1168 1878 commiserunt,
1195 1817 1313 1865 uerum
1338 1791 1492 1864 babeant

295 1919 469 1992 mciduam
481 1921 622 2014 pietatis
635 1927 750 1989 nostre
762 1919 1005 2013 indalpentiam
1014 1945 1080 2016 per
1088 1943 1231 2016 precem
1244 1919 1492 2013 obrysobnlsun

296 2053 347 2120 ees
365 2047 530 2125 collatam,
549 2045 789 2140 pollicentibus
807 2055 841 2117 et
856 2069 996 2144 rursum
1014 2071 1060 2118 eu
1077 2055 1142 2118 tota
1161 2047 1262 2118 carde
1278 2071 1346 2143 pra
1361 2045 1493 2117 Roma-

296 2179 357 2246 nia
368 2196 528 2270 propriore
545 2181 579 2242 et
590 2197 656 2267 pro
672 2177 765 2244 omni
780 2177 943 2254 ameliaco
963 2174 1083 2246 ardirm
1101 2175 1163 2246 sub
1182 2185 1300 2246 nostra
1317 2178 1493 2246 extumo

296 2303 496 2384 clementia,·
524 2299 732 2394 quedamque
755 2301 918 2395 specialia
942 2305 1085 2374 sunum
1107 2305 1234 2397 scripta
1254 2327 1319 2398 per
1336 2326 1493 2373 conven-

298 2435 406 2502 tiones
419 2427 616 2500 celsitudini
627 2437 741 2499 nosue
759 2437 792 2498 et
805 2427 969 2500 Romanie
981 2425 1161 2500 obseruare
1172 2431 1349 2526 polluitis,
1365 2453 1493 2500 secun·

297 2557 377 2628 dum
404 2554 494 2651 quad
510 2560 685 2627 conventio
704 2581 726 2626 a
744 2560 880 2628 nunciis
898 2581 1013 2627 earum
1036 2561 1130 2648 saeta
1148 2558 1190 2629 de
1208 2558 1264 2628 bu
1280 2557 1386 2628 bilitas
1408 2581 1493 2628 nar-

297 2693 361 2754 ret.
397 2683 443 2753 Iit
467 2686 625 2777 quoniam
651 2687 826 2777 petierunt
856 2682 943 2754 idem
975 2683 1212 2776 cbrpcabulum
1243 2689 1331 2780 ipsis
1357 2689 1495 2780 factum

299 2811 388 2882 beati
404 2809 620 2904 Imperatoris
639 2809 772 2882 domini
788 2820 821 2881 et
841 2814 951 2904 putris
969 2809 1110 2905 bnperii
1126 2817 1237 2883 narmi
1253 2817 1387 2905 corripi
1405 2814 1494 2884 sibi-

298 2961 364 3032 que
389 2940 512 3008 iterum
537 2935 631 3015 dari,
656 2939 737 3030 quia
754 2941 831 3029 jem
849 2959 889 3006 ea
908 2942 1043 3031 priuati
1063 2943 1203 3033 fiseram
1224 2965 1289 3034 pra
1308 2941 1396 3020 bia‘s,
1427 2963 1497 3034 que

298 3063 501 3143 acciderant,
519 3063 639 3158 ealpoie,
657 3065 832 3135 clementia
849 3073 965 3135 nostra
984 3089 1041 3134 eoo
1059 3065 1238 3138 euuudioit
1255 3071 1494 3162 precepitque,

288 3191 541 3273 ,inuiolabiliter
558 3190 621 3260 boo
639 3199 748 3262 tomen
767 3193 875 3264 scribi
892 3201 925 3262 et
941 3192 1106 3287 bicponi,
1126 3198 1178 3264 eie
1195 3194 1341 3265 babens:

389 3317 434 3388 Et
450 3317 533 3412 quid
550 3341 695 3412 unquam
713 3328 765 3390 aot
780 3323 992 3390 commutatio
1012 3343 1138 3402 earum,
1166 3345 1231 3416 que
1247 3323 1384 3392 sincere
1404 3321 1494 3392 dile·

300 3449 424 3516 ctionio
442 3455 475 3516 et
487 3444 573 3538 fidei
584 3444 689 3516 sunt?
719 3445 763 3516 m
779 3469 876 3540 quem
894 3450 1014 3518 amicis
1031 3450 1279 3542 mine'etrt'sque,
1292 3449 1499 3543 periculum

300 3573 417 3644 subire
428 3575 565 3666 paratis
577 3596 643 3666 pro
661 3570 808 3647 domines
826 3583 859 3644 et
872 3577 1003 3656 amicis,
1032 3573 1149 3646 reddet
1166 3579 1244 3668 quis
1263 3575 1442 3659 talionem,
1464 3586 1499 3647 et

300 3703 449 3770 maxime
468 3708 557 3779 tuuc,
577 3722 654 3769 cum
672 3701 741 3793 ipsi
757 3677 947 3771 uoluntarie
959 3725 1025 3796 pra
1042 3705 1093 3772 eis
1106 3705 1369 3775 inimicitiarum
1384 3707 1497 3774 inter·

300 3833 380 3898 sant
387 3825 540 3919 propria?
554 3824 600 3896 lit
607 3823 744 3919 quidem
754 3834 868 3896 nostre
884 3827 1107 3900 beniuolentie
1117 3829 1317 3912 liberalitas,
1331 3853 1499 3925 mapnam

302 3953 390 4024 banc
408 3975 480 4021 rem
493 3975 637 4046 ponens,
656 3951 782 4022 nudum
801 3957 950 4048 repperit
966 3955 1232 4027 retributionem.
1259 3954 1499 4030 Verumtamen

303 4079 473 4160 retribuit,
497 4088 658 4173 quantum
684 4088 812 4174 tempus
840 4083 953 4177 offert,
980 4091 1014 4152 et
1034 4105 1098 4177 que
1122 4083 1242 4154 amici's
1260 4093 1293 4154 et
1316 4087 1498 4158 ministris

303 4213 384 4276 sunt
401 4205 627 4300 acceptabilia.
664 4203 754 4276 Sunt
776 4211 884 4300 ipitur
908 4231 966 4288 ea,
993 4233 1057 4303 que
1081 4210 1316 4282 retribuuntur
1335 4215 1389 4282 eis
1407 4213 1502 4306 fidei

302 4333 502 4426 sincereque
530 4335 704 4404 seruitutis
732 4339 1031 4419 remunerationes,
1059 4349 1175 4408 nostra
1200 4337 1335 4433 quidem
1353 4339 1503 4413 liberali

304 4459 471 4529 uoluntate
498 4459 717 4553 beniuoloque
742 4466 853 4533 animo
878 4467 1012 4534 minora
1031 4473 1064 4535 et
1079 4468 1265 4558 pauciora,
1290 4488 1359 4536 non
1379 4477 1499 4540 autem

304 4585 468 4680 iprobilia
486 4587 613 4685 aliqua,
638 4610 699 4658 nee
717 4593 836 4662 amuis
860 4592 915 4663 cel
940 4595 1049 4665 serves
1073 4592 1224 4688 indipua
1269 4593 1388 4667 Verum
1412 4597 1504 4693 quid
