3120 5078
253 325 403 381 Geomor
416 343 452 380 nu
467 327 719 382 liuns-Hannonis
731 345 769 381 nr
783 345 818 382 aa
832 327 1002 391 Concussae
1017 345 1052 382 nn
1067 329 1113 384 Cr.
1201 322 1273 392 311

79 502 195 568 celero
226 497 332 567 eidem
360 519 453 566 more
478 496 589 579 solito,
614 495 782 568 humiliato
808 500 929 593 capite,
957 501 1109 571 deuotius
1130 500 1276 571 obedire.

79 627 150 718 lpse
178 626 282 695 etiam
307 624 451 695 eiusdem
472 623 613 694 ecclesie
634 623 842 708 Patriarcha‚
869 625 943 696 huic
963 628 1112 719 aspirans
1132 627 1226 719 operi
1246 633 1280 696 et

78 750 306 842 applaudens,
332 773 392 819 sne
417 749 583 843 dignitatis
608 751 739 844 pallium
759 775 777 821 a
796 775 923 821 summo
944 754 1100 846 pontifice
1119 759 1278 845 receptu-

77 901 133 946 rus
151 870 344 947 'Romanam
371 877 483 946 sedem
513 875 648 948 ulterius
673 877 790 958 adibit;
827 885 861 947 et
887 879 956 972 ipse
981 903 1082 972 super
1110 879 1175 950 hoc
1203 903 1278 949 cum

77 1004 285 1097 Imperatore
300 1002 479 1094 juramenti
497 1005 661 1096 praestitit
680 1004 878 1074 cautionem.

171 1129 231 1198 llis
250 1131 352 1224 igitur
375 1135 427 1200 tot
448 1137 483 1202 et
506 1133 606 1202 tantis
626 1131 820 1202 utilitatibus
838 1131 1012 1224 prouocati
1032 1137 1067 1202 et
1085 1155 1144 1224 spe
1164 1137 1277 1204 sancta

74 1256 246 1326 honorum
264 1258 450 1328 futurorum
468 1257 605 1340 detenti,
625 1257 712 1349 apud
731 1257 895 1328 ciuitatem
914 1257 1132 1351 prescriptam
1150 1281 1277 1351 propo-

74 1385 206 1454 suimus
224 1383 396 1477 hyemare3
424 1390 459 1454 et
477 1383 541 1453 hoc
560 1383 636 1452 idco
655 1383 812 1454 fratribus
832 1383 966 1466 nostris,
987 1383 1041 1475 qui
1060 1385 1092 1453 in
1111 1390 1275 1455 transma-

75 1510 157 1579 rinis
183 1511 334 1604 partibus
354 1515 504 1580 nostrum
521 1508 748 1604 prestolantur
768 1509 955 1592 aduentum,
982 1511 1169 1580 curauimus
1188 1535 1274 1582 nun-

73 1635 172 1719 tiare,
195 1643 234 1706 ut
252 1637 324 1728 ipsi,
344 1637 461 1707 auditis
480 1641 671 1706 nostrorum
690 1635 876 1706 rumoribus
896 1635 1109 1728 gaudiorum,
1138 1661 1278 1732 quorum

75 1783 135 1832 eos
156 1785 237 1834 esse
254 1763 431 1857 participes
450 1767 677 1856 preoptamus,
698 1760 893 1833 adminiculo
914 1767 1030 1833 sancte
1049 1763 1120 1856 spei
1140 1763 1276 1847 suffulti,

75 1911 139 1960 nos
160 1913 182 1960 e
203 1889 489 1982 Constantinopoli
499 1881 528 1980 ¹)
548 1894 733 1981 expectent.

168 2015 342 2086 Noneritis
369 2015 466 2086 etiam
476 2008 521 2106 ¹),
555 2013 645 2108 quod
672 2015 859 2108 accepimus
887 2019 1130 2086 tornamentnm
1158 2021 1276 2086 contra

75 2139 254 2212 soldanum
271 2141 452 2235 Babylonio
473 2145 548 2211 ante
567 2139 807 2210 Alexandriam.

168 2269 207 2341 Si
227 2269 299 2362 quis
319 2291 402 2359 ergo
421 2267 493 2336 Deo
513 2265 584 2337 uult
603 2267 739 2350 servire,
759 2267 812 2336 cui
832 2268 959 2337 seruire
979 2273 1031 2338 est
1049 2289 1213 2366 regnare,
1240 2275 1275 2338 et

75 2417 199 2466 nomen
226 2394 350 2466 habere
374 2393 486 2464 militie
511 2391 726 2486 conspicuum
746 2397 781 2462 et
800 2391 941 2476 clarum,
970 2392 1065 2463 tollat
1085 2416 1219 2464 crucem
1240 2401 1275 2466 et

75 2529 239 2614 sequatur
252 2521 437 2602 Dominum,
458 2527 492 2588 et
511 2521 621 2590 ueniat
639 2519 680 2589 ad
699 2524 941 2590 tornamentum
959 2519 1102 2604 Domini,
1123 2521 1164 2591 ad
1184 2522 1273 2614 quod

75 2647 114 2718 ab
135 2649 212 2742 ipso
232 2647 373 2716 Domino
393 2647 560 2716 inuitatur.
591 2644 717 2715 Valete.

169 2774 257 2844 Data
279 2781 331 2844 est
348 2771 412 2842 hec
431 2771 572 2864 epistola
591 2771 651 2841 sub
671 2771 770 2840 linem
788 2771 863 2842 anni
887 2769 1002 2842 1203.

146 2952 287 3032 tlcoffroy
303 2951 339 3016 de
354 2947 597 3012 illle-llsrdculn
613 2945 649 3012 lc
666 2945 698 3011 la
715 2947 881 3030 torqucstc
897 2947 934 3012 dc
950 2947 1207 3032 tonstcntlnoplc.

166 3074 229 3139 Ed
242 3074 340 3138 Paris.
358 3095 385 3138 a.
405 3073 503 3146 1657,
521 3093 551 3155 p.
569 3073 669 3136 5-6.

141 3183 178 3248 C.
198 3183 250 3247 10.
275 3185 372 3266 Aprls
388 3183 535 3266 pristrent
550 3181 572 3244 li
588 3180 647 3244 Ba·
770 3177 803 3242 (l.
823 3178 875 3243 10.
901 3177 1026 3242 Ensuite
1041 3177 1088 3244 les
1105 3179 1275 3261 Seigneurs

75 3311 127 3355 ron
141 3290 560 3362 unParlementlSoissons‚
573 3307 649 3372 pour
702 3291 733 3350 et
747 3287 861 3350 Barons
884 3287 1001 3350 croisez
1024 3290 1212 3352 arresterent
1234 3311 1275 3353 un

74 3400 177 3464 sarcir
193 3405 285 3483 quant
300 3399 322 3462 il
337 3398 508 3462 voldroient
524 3397 649 3468 movoir,
701 3394 873 3458 Parlement
895 3415 933 3458 ou
955 3393 1123 3458 assemblec
1149 3397 1166 3459 a
1185 3397 1273 3461 Scis·

73 3511 102 3570 et
116 3506 191 3594 quel
206 3511 276 3590 part
291 3507 312 3571 il
328 3506 498 3570 roldroient
513 3509 625 3570 tornea.
701 3525 791 3576 sons,
831 3523 907 3586 pour
933 3502 1082 3566 resoudre
1107 3503 1146 3566 du
1176 3509 1275 3590 temps

701 3611 796 3698 qu'ils
832 3611 990 3675 devroient
1023 3613 1128 3695 partin,
1169 3620 1200 3677 et
1235 3615 1274 3680 du

700 3720 818 3785 chemin
834 3717 884 3803 qu'
892 3719 929 3782 ils
946 3719 1105 3784 devroient
1126 3723 1273 3806 prendre.

140 3833 168 3896 Α
184 3830 263 3896 celle
281 3831 342 3894 loir
365 3851 402 3894 ne
425 3851 460 3894 se
476 3835 583 3914 porent
599 3847 650 3892 ac·
770 3826 846 3890 llais
859 3825 944 3892 ilsne
957 3836 1086 3914 peurent
1098 3829 1274 3896 s'accorder

75 3941 196 4014 sordem
218 3959 314 4024 poree
339 3959 398 4022 quo
413 3939 435 4001 il
456 3938 502 4002 lor
523 3937 649 4010 semble,
700 3957 739 4020 ny
756 3937 899 4002 convenir
915 3939 1070 4004 ensemhle
1093 3960 1170 4022 pour
1190 3945 1273 4004 cette

74 4067 129 4132 que
148 4046 170 4110 il
187 4045 340 4111 n'aroient
355 4047 416 4110 mic
433 4065 545 4110 encore
561 4065 648 4108 assez
700 4045 770 4118 fois,
788 4067 879 4130 ayans
895 4048 1001 4112 trouve
1018 4045 1099 4131 qu'il
1116 4046 1275 4114 n'avoient

74 4177 151 4239 gens
176 4156 301 4220 croisie.
334 4155 382 4218 En
402 4159 446 4218 tot
471 4153 519 4218 cel
541 4155 584 4216 An
610 4173 648 4216 ne
701 4173 813 4217 encore
838 4154 962 4219 nombre
982 4155 1121 4220 suffisant
1137 4157 1175 4222 de
1193 4158 1274 4220 oroi·

75 4286 164 4350 passa
186 4285 302 4350 onques
324 4265 402 4328 deur
425 4263 518 4333 mois,
541 4281 601 4346 quc
625 4259 647 4324 il
700 4281 752 4326 ser
769 4281 846 4346 pour
869 4265 944 4329 taire
967 4285 1085 4330 aucune
1102 4269 1275 4350 entreprisa

67 4384 388 4396 .—-...-.—-—-—————-

96 4423 124 4498 ¹)
146 4441 210 4478 nos
235 4421 565 4492 Constantinopolin
590 4421 649 4485 Ilm
729 4421 758 4494 ⁸)
778 4426 812 4477 ct
832 4423 874 4477 rr.

145 4513 557 4568 constantiusooll.l'ranc.
674 4458 678 4577 l
