3130 5082
334 369 482 422 STEPHANI
496 365 620 420 Cannu
634 382 771 422 insolito
784 381 959 420 nunononuu
973 364 1019 420 G?-
1193 356 1267 426 ¹2⁷

169 539 291 608 Tamen
312 559 376 629 ego
393 537 499 608 debeo
519 542 731 608 manutenere
749 535 906 630 predictis
922 536 1067 606 cnunclis
1087 543 1120 606 et
1139 536 1216 606 salis
1237 542 1270 606 ct

15 741 16 746 ,
89 663 206 734 eliacon
224 669 260 734 et
277 662 427 756 predicta
447 685 568 734 caneva
587 664 619 732 in
638 664 736 734 tectis
756 663 839 733 etin
859 663 982 734 ceteris
1001 664 1209 734 necessariis.

166 790 304 883 Signum
319 791 532 883 suprascripti
547 788 704 884 Stephani
720 790 867 883 (lapello,
888 791 942 882 qni
961 791 1022 878 hec
1040 791 1170 882 rogavit
1188 791 1268 860 lieri.

166 915 241 1008 Ego
262 917 387 986 Craton
406 915 555 986 Dandulo
574 923 614 987 tt.
636 939 681 986 ss.

168 1043 242 1134 Ego
265 1041 444 1114 Octaviano
463 1042 647 1126 blartinstio
666 1048 707 1114 tt.
727 1067 773 1112 ss.

167 1168 242 1259 Ego
264 1169 384 1238 Petrus
402 1167 537 1238 Pascale
555 1173 595 1238 tt.
615 1192 661 1238 ss.
972 1206 975 1214 .

167 1294 243 1387 Ego
263 1296 425 1366 Henricus
440 1293 656 1378 vallaremur,
675 1295 791 1366 Presb.
806 1300 840 1366 et
850 1293 941 1378 Not,
956 1294 1047 1366 Pleb.
1062 1294 1270 1381 S.Alvindini,

15 1455 16 1488 ;
89 1421 236 1514 complevi
257 1427 292 1492 et
309 1423 476 1492 roboravi.

168 1548 243 1638 Ego
264 1547 388 1638 Filipns
406 1546 556 1629 Michael,
577 1547 662 1616 sicut
675 1546 738 1616 vidi
757 1546 790 1615 in
809 1553 924 1630 matre,
944 1547 1039 1618 testis
1055 1571 1126 1618 snm
1145 1549 1177 1617 in
1195 1548 1270 1618 iilia.

169 1675 243 1765 Ego
265 1675 302 1742 P.
324 1672 537 1766 Navigajoso‚
556 1672 622 1742 vidi
642 1674 673 1742 in
692 1679 808 1756 matrs,
828 1672 989 1744 testificor
1008 1675 1040 1744 in
1060 1673 1134 1744 filia.

170 1799 243 1893 Ego
264 1800 304 1869 D.
324 1801 422 1878 Jeno,
442 1800 505 1868 vidi
526 1802 557 1870 in
578 1806 694 1880 matre,
713 1799 874 1870 testificor
893 1799 923 1868 in
943 1799 1019 1870 filia.

240 1928 316 2018 Ego
337 1926 492 1998 Girlando
511 1926 674 2007 Cornelio,
696 1925 809 1995 Presb.
827 1933 860 1996 et
873 1925 1007 1996 Pleban.
1023 1925 1114 1996 nod.
1131 1925 1167 1994 S.
1184 1925 1273 1996 llar-

15 2053 17 2126 Ξ
90 2051 139 2120 tini
156 2053 290 2122 Minoris
311 2053 438 2146 clugia,
458 2051 522 2122 boc
543 2051 724 2144 exemplum
743 2051 932 2144 exemplavi,
953 2051 985 2120 in
1004 2073 1116 2122 mense
1130 2053 1273 2124 ianuarii

15 2211 17 2218 v
90 2183 120 2246 et
135 2178 312 2248 indictione
331 2177 570 2270 quintadecima
590 2183 624 2248 et
646 2200 732 2248 anno
757 2176 877 2246 domini
903 2175 1072 2247 millesimo
1093 2179 1273 2248 centesimo

15 2287 17 2340 i
91 2303 352 2395 quinquagesimo
380 2305 501 2396 primo;
537 2326 599 2373 nec
628 2303 725 2372 minui
758 2325 821 2375 nec
854 2302 1015 2394 ampliavi,
1050 2304 1211 2398 complevi
1241 2310 1276 2375 et

15 4031 18 4186 l

90 2427 242 2498 roboravi.

625 2625 708 2695 Llll.

90 2763 248 2846 Steplms
261 2765 384 2848 depelle
397 2767 491 2830 tradit
503 2773 533 2830 et
547 2767 696 2846 resslgnat
709 2768 802 2829 Prlcrl
816 2765 844 2830 S.
857 2767 945 2830 derel
959 2769 995 2830 de
1007 2769 1132 2831 embolis
1148 2770 1276 2860 dedor-

111 2875 302 2958 stantlnspsll
319 2877 462 2957 quasdam
477 2880 585 2954 terres,
602 2877 639 2938 dc
653 2877 759 2956 quibos
778 2875 891 2938 iatetnr
909 2895 941 2938 se
961 2877 1089 2958 pretinm
1101 2878 1261 2960 recepisse.

504 3006 535 3060 Α.
549 3005 574 3057 (Ι.
590 3005 668 3065 1150,
684 3023 716 3058 rn.
731 3003 877 3059 Deccmbri.

173 3123 384 3188 Flaminius
413 3125 638 3197 Cornelius,
671 3123 831 3188 Ecclesiae
858 3123 991 3188 Venetae
1021 3127 1142 3212 antiqua
1171 3149 1277 3190 monn-

91 3239 189 3302 menta.
206 3233 331 3296 decadis
347 3231 386 3296 ΙΙΙ
402 3239 488 3315 parta
505 3235 673 3316 posteriore
690 3253 717 3316 p.
737 3233 804 3297 224
820 3255 864 3317 sq.

172 3339 214 3403 lix
230 3341 423 3424 autographo
436 3341 466 3403 in
484 3341 608 3404 archivo
629 3342 842 3404 monasteriis.
860 3339 987 3424 Georgii
1005 3343 1139 3423 majoris.

173 3507 208 3578 ln
227 3511 358 3579 nomine
379 3509 498 3579 domini
518 3507 570 3578 dei
590 3515 623 3579 et
637 3507 807 3578 salvatoris
823 3510 927 3579 nostri
942 3509 1022 3579 lesu
1038 3509 1172 3593 Christi,
1193 3535 1277 3581 anno

15 3625 17 3660 ²
92 3631 201 3704 domini
226 3635 396 3705 millesimo
417 3636 596 3705 centesimo
623 3633 909 3727 quinquagesimo,
934 3633 1054 3703 mensis
1073 3635 1279 3724 Decembris,

91 3755 259 3831 indictione
279 3761 534 3854 quartadecima,
556 3761 823 3830 Consrnnrnvoronv.

172 3887 331 3958 Scribere
350 3887 465 3979 rogavi
485 3887 659 3957 llenricnm
675 3885 894 3968 Valnressnm‚
909 3885 1025 3956 Presb.
1042 3895 1075 3957 et
1094 3885 1277 3970 Notarium,

91 4008 259 4083 Plebannm
278 4037 307 4081 s.
327 4011 502 4104 Akyndini,
521 4012 606 4110 banc
626 4011 811 4081 documenti
832 4011 996 4106 paginam.

173 4139 248 4232 Ego
275 4139 406 4231 qnidam
431 4137 618 4230 Stephanus
646 4137 780 4230 Capella
811 4137 852 4206 de
879 4120 1061 4230 majoribus
1091 4163 1165 4210 cum
1196 4141 1278 4211 meis

92 4259 260 4335 heredibus
287 4259 456 4346 venditor,
485 4285 579 4354 quam
607 4261 763 4332 cartulam
781 4261 902 4332 tradidi
922 4269 956 4334 ct
975 4287 1045 4334 earn
1065 4263 1107 4335 ad
1126 4266 1278 4336 scriben-

93 4385 158 4458 dum
176 4389 334 4470 instruxi,
359 4387 413 4457 nbi
431 4389 565 4481 propria
584 4411 680 4458 mann
700 4387 953 4472 subterfirmavi,
979 4395 1085 4460 testes
1103 4391 1219 4483 rogavi
1239 4392 1298 4462 ad.

92 4513 366 4587 subscribendum.
