3110 5080
423 307 517 362 laneo.
531 307 564 364 lll
576 325 667 364 seren.
681 326 718 364 an
731 309 830 366 Ducru
843 308 948 364 vrssr.
1192 294 1268 366 443

95 475 283 571 petentibus
301 477 469 571 pactiones
488 478 573 550 inter
591 504 648 550 vos
666 481 761 552 initas
781 480 980 561 confirmari,
1006 485 1040 549 et
1057 499 1119 572 per
1136 499 1194 548 eos
1213 475 1271 546 tibi

97 613 133 678 et
153 603 285 676 Venetis
304 604 486 678 duxerimus
505 605 722 692 inhibendum,
742 629 783 678 ne
802 613 907 678 terras
926 606 1015 698 regis
1034 606 1133 699 ipsius
1147 605 1271 698 aliqua-

96 738 196 804 tenus
213 730 399 804 laederetis.

191 859 337 954 Insuper,
356 867 391 932 ut
409 859 471 930 iter
489 857 618 930 Domini
636 859 730 932 lieret
747 860 779 930 in
798 859 926 941 timore,
946 880 1008 928 nce
1027 853 1185 929 modicum
1202 856 1272 927 fer-

97 987 198 1058 menti
211 993 438 1078 corrumperet
452 992 553 1057 totam
573 1007 721 1068 massam,
740 1008 800 1078 per
812 984 923 1056 literas
939 975 1118 1075 nostras¹),
1137 1006 1218 1078 quas
1231 983 1274 1054 ad

98 1111 296 1183 audientiam
315 1119 402 1184 tuam
421 1119 455 1184 et
471 1113 669 1184 Venetorum
688 1111 848 1184 eredimus
867 1111 1065 1206 pervenisse,
1092 1111 1273 1182 curavimus

98 1239 279 1310 districtius
293 1239 449 1323 inhibere,
464 1262 505 1310 ne
517 1246 623 1311 terras
638 1237 893 1309 Christianorum
907 1236 1058 1308 invadere
1072 1237 1122 1306 rel
1140 1235 1272 1307 laedere

98 1337 323 1460 temptarctis,
348 1365 409 1436 nisi
429 1365 479 1436 vel
498 1366 558 1459 ipsi
577 1371 719 1436 vestrum
738 1365 801 1436 iter
819 1364 966 1457 nequiter
984 1362 1197 1458 impedirent,
1222 1361 1273 1433 vel

98 1492 162 1564 alia
177 1492 267 1583 justa
285 1499 320 1564 et
338 1493 523 1564 necessaria
543 1514 640 1562 causa
658 1497 768 1562 tamen
786 1497 994 1572 occurreret,
1021 1495 1156 1583 propter
1175 1511 1270 1582 quam

99 1617 189 1688 aliud
224 1641 343 1711 agere,
388 1618 564 1690 accedente
600 1617 736 1690 oonsilio
773 1617 972 1711 apostolicae
1009 1615 1106 1687 Sedis
1142 1614 1273 1708 Legati,

100 1745 263 1840 possetis;
291 1746 320 1815 si
339 1745 393 1839 qui
412 1753 519 1816 autem
538 1753 654 1816 contra
673 1751 927 1838 praesumerent,
947 1768 983 1815 se
1003 1745 1124 1816 scirent
1143 1765 1274 1814 excom·

101 1871 329 1942 municetionis
353 1872 480 1942 vinculo
505 1872 694 1952 innodatos,
725 1878 760 1942 et
781 1869 1018 1964 indulgentiae,
1050 1893 1144 1964 quam
1169 1869 1274 1942 Sedes

102 1997 286 2092 apostolica
306 1998 550 2092 crucesignatis
569 1998 712 2080 indulsit,
732 1997 900 2070 immunes.

193 2127 241 2196 Tu
261 2132 368 2196 autem
387 2131 421 2196 et
439 2126 496 2209 tui,
521 2125 668 2196 omnibus
686 2125 746 2196 biis
765 2125 939 2218 despectis,
966 2134 998 2198 et
1016 2125 1142 2218 Legato
1162 2130 1275 2194 nostro

102 2251 254 2344 repulso,
283 2261 398 2323 eontra
426 2275 538 2346 regem
566 2253 668 2346 ipsum
695 2252 799 2346 primo
824 2252 978 2346 impetum
1000 2251 1176 2335 facientes,
1202 2257 1276 2324 ante

101 2377 252 2450 iaderam
277 2377 395 2472 primas
419 2380 505 2450 acies
525 2379 738 2472 expandistis,
765 2379 847 2450 etin
867 2377 1013 2450 auxilium
1032 2385 1174 2449 vestrum
1193 2400 1276 2448 eon-

104 2511 258 2575 rocantes
278 2506 453 2576 exercitum
472 2505 635 2576 Gallorum
654 2506 837 2578 obtinuistis
856 2507 896 2576 ab
916 2507 978 2588 eis,
1007 2513 1043 2576 ut
1061 2506 1176 2576 vestris
1195 2527 1276 2576 con·

103 2631 263 2701 sentirent
281 2636 315 2700 et
333 2654 447 2702 manus
465 2654 540 2704 suos
558 2632 704 2702 fraterno
723 2632 880 2724 sanguine
900 2631 1108 2703 macularent.
1139 2632 1277 2724 Cepistis

103 2757 205 2850 igitur
224 2765 258 2828 et
278 2761 438 2830 evertistis
457 2783 516 2853 per
535 2759 717 2832 violentiam
737 2759 917 2839 civitatem3
945 2758 1147 2829 destruxistis
1167 2757 1276 2830 eccle-

103 2884 169 2954 sias
193 2891 227 2956 et
251 2883 362 2956 altaria
389 2886 582 2968 suffodistis,
609 2891 643 2956 et
667 2883 699 2953 in
724 2885 849 2956 diuinae
874 2885 1051 2978 mejestatis
1071 2887 1226 2956 offensam
1245 2892 1279 2960 et

104 3009 274 3083 Ecclesiae
293 3012 456 3084 Romanae
476 3017 695 3106 contemptum
715 3013 920 3084 commisistis
945 3013 1070 3084 facinus
1091 3013 1159 3108 jem
1177 3018 1277 3084 noto·

103 3139 186 3209 rium
206 3162 290 3232 pene
313 3139 440 3234 penitus
467 3139 527 3210 toti
552 3139 683 3210 mundo.
720 3137 793 3210 Non
818 3139 900 3210 enim
920 3140 1059 3210 Crucem
1082 3139 1276 3233 sumpsistis,

102 3271 161 3336 aut
179 3289 307 3337 sumere
322 3265 477 3337 debuistis
496 3267 528 3335 in
547 3266 736 3360 obsequium
752 3269 829 3338 lesu
845 3265 974 3348 Christi,
994 3271 1030 3337 ut
1048 3267 1278 3360 expugnaretis

103 3391 319 3476 Christianos,
333 3392 392 3463 sed
406 3393 513 3487 potius
527 3393 710 3486 Agerenos‚
723 3393 836 3465 Crucis
850 3393 950 3486 ipsius
964 3393 1107 3487 perfidos
1121 3393 1276 3464 inimicos.

193 3520 281 3590 llaec
296 3527 402 3591 autem
421 3520 461 3590 ad
480 3521 717 3592 correctionem
739 3527 878 3592 vestram
897 3520 1067 3590 referimus
1087 3543 1125 3590 ex
1144 3521 1278 3592 caritate

102 3647 243 3729 sincera,
264 3647 337 3740 quia
355 3653 449 3742 pater
468 3647 576 3730 lilium,
597 3669 691 3742 quem
711 3647 826 3742 diligit,
852 3647 996 3740 corripit,
1022 3654 1056 3718 et
1073 3647 1173 3731 Deus,
1194 3671 1277 3741 quos

103 3777 201 3856 annot,
220 3773 328 3866 arguit
346 3780 381 3844 et
399 3773 549 3867 castiget.

190 3898 383 3992 Recepimus
408 3923 486 3970 nero
510 3899 620 3970 literas
640 3899 987 3994 Constantinopolitani
1014 3901 1223 3993 lmperatoris
1243 3909 1278 3972 et

101 4033 186 4109 tuas,
207 4032 241 4096 et
258 4049 340 4120 quse
359 4025 564 4120 significastis
583 4049 641 4120 per
660 4049 728 4108 eas,
748 4027 927 4098 notavimus
942 4026 1125 4120 diligenter.
1146 4027 1277 4114 Verum,

102 4153 244 4245 quamvis
276 4159 443 4248 optemus,
479 4158 515 4224 ut
546 4176 606 4248 per
634 4153 775 4224 studium
797 4158 831 4223 et
855 4152 1099 4224 sollicitudinem
1124 4161 1211 4224 tuam
1236 4153 1277 4226 ad

102 4278 308 4350 devotionem
349 4279 551 4372 apostolicae
590 4279 685 4352 Sedis
726 4279 1083 4374 Constantinopolitana
1131 4279 1278 4356 Ecclesia

74 4581 76 4586 Δ
126 4503 153 4577 ¹)
173 4505 228 4560 cn.
242 4505 320 4576 sopra
335 4522 373 4560 nr.
387 4504 432 4568 Cl,
451 4524 479 4577 p.
493 4507 554 4563 2109,
