3120 5078
260 347 338 419 296
541 345 634 414 naria
647 358 810 412 Brznurrnr
825 377 879 414 run
892 360 1024 416 Francos
1039 377 1168 416 aruasia.

256 527 402 598 similiter
420 527 579 621 praedicti
592 535 764 610 voverunt,
790 537 825 601 et
844 531 927 603 intra
945 538 1016 603 tres
1036 553 1165 602 menses
1183 553 1220 601 se
1238 529 1457 622 disponentes
1556 569 1558 574 ·

258 661 293 725 et
311 655 455 726 classem
465 655 655 726 ordinantes
671 655 861 728 Balduinum
876 659 1035 730 Comitem
1050 657 1246 730 ammiralem
1266 655 1455 725 constitne-

258 791 346 852 runt.
379 783 446 852 lsta
470 781 639 874 praedicta
664 781 706 851 ad
732 804 829 853 nureo
856 785 1053 878 perveniunt
1070 783 1221 864 soldani,
1249 782 1400 852 Francos
1421 787 1455 850 et

258 909 446 1001 Flamingos
460 908 637 999 disponere
657 907 698 977 ad
711 910 895 980 Jerusalem
914 908 1201 1004 proficiscendtun,
1221 914 1257 978 et
1275 909 1455 1002 praecipue

261 1035 379 1104 timens
404 1033 562 1103 Comitem
592 1033 839 1106 Flandrensium
864 1059 925 1120 eo,
957 1036 1046 1132 quod
1072 1034 1354 1129 praedecessores
1383 1031 1456 1124 ejus

261 1161 385 1232 infinita
405 1160 522 1230 damna
547 1166 581 1230 et
604 1160 687 1231 mala
710 1162 862 1233 lacerant
887 1163 962 1233 olim
989 1165 1021 1233 in
1040 1161 1208 1254 Sardenay
1231 1167 1266 1232 et
1291 1161 1324 1229 in
1347 1181 1456 1251 regno
1558 1201 1559 1212 κ

259 1287 420 1358 Abilinae.
447 1285 501 1356 na
524 1285 566 1358 de
584 1309 692 1358 caasa
709 1286 881 1360 Soldaaua
905 1289 1042 1372 arradit,
1071 1297 1104 1360 et
1122 1291 1293 1383 promouit
1325 1285 1457 1358 Venena

258 1414 351 1486 mille
368 1437 503 1484 marcae
521 1416 602 1484 aam'
619 1418 747 1509 optimi,
767 1426 801 1485 et
818 1439 883 1510 pra
902 1439 984 1486 aena
1002 1417 1134 1486 salvam
1151 1413 1353 1485 conductum
1369 1413 1456 1484 Iibe-

258 1564 336 1611 ram
347 1565 415 1635 per
433 1548 534 1611 totam
553 1539 727 1624 Arabiam,
747 1539 897 1632 Syriam,
917 1541 1123 1613 Damascum
1142 1551 1176 1612 ct
1191 1541 1375 1635 Epyptnm,
1395 1538 1461 1609 aad

259 1666 350 1762 quad
366 1667 458 1737 mallo
476 1666 575 1738 modo
594 1691 699 1738 aaran
718 1691 779 1738 acu
797 1673 932 1740 navitas
950 1693 1054 1764 nuper
1077 1669 1318 1740 dratamaaaos
1337 1690 1456 1738 corrae-

259 1793 342 1864 daat
358 1791 516 1873 mace,
535 1793 599 1864 aad
614 1795 793 1865 consulant
810 1819 869 1866 aas
887 1799 1090 1890 repatmarc.

350 1919 527 1991 balduinus
547 1941 625 1992 vero
646 1922 767 1992 Comes
787 1921 1035 1992 Flandrensium
1053 1943 1092 1992 ae
1112 1920 1285 1992 ammiralis
1301 1921 1455 1990 Franco-

260 2069 332 2118 rum
356 2047 662 2139 crucesignatorum
688 2048 845 2141 applicuit
862 2048 1006 2120 Venctiis
1029 2069 1104 2120 cnm
1129 2047 1281 2118 comitiva
1300 2069 1360 2118 sna
1380 2047 1457 2141 pln-

259 2174 343 2244 rium
368 2171 543 2257 nobilium,
572 2195 612 2242 ac
637 2173 756 2244 ibidem
781 2174 922 2267 hyemat
953 2175 1048 2246 Circa
1067 2175 1164 2246 linem
1184 2173 1355 2244 Februarii
1375 2195 1457 2267 spe·

260 2299 355 2370 rabat
379 2299 504 2370 babere
529 2321 629 2370 naves
654 2307 688 2370 et
717 2301 965 2386 drutsmannos‚
999 2307 1133 2385 nautas,
1167 2300 1392 2372 conductores
1417 2298 1460 2370 ad

259 2425 440 2498 Jerusalem
467 2447 609 2519 pergere
635 2427 927 2519 proficiscendum
962 2429 1023 2499 sed
1047 2429 1118 2500 Dua
1147 2427 1346 2498 Venetorum
1372 2447 1459 2520 pro-

259 2549 365 2623 bibuit
390 2551 451 2622 sub
476 2573 582 2646 poena
609 2553 743 2646 eapitis,
770 2577 811 2623 ne
831 2555 903 2646 qais
923 2577 983 2624 eos
1003 2553 1153 2626 duceret.
1189 2554 1270 2624 Erat
1294 2552 1459 2645 quaedam

260 2679 390 2759 civitas,
418 2679 544 2749 Gazara
571 2678 658 2749 dieta
686 2680 754 2750 sira
774 2681 929 2764 Gadires,
955 2703 1041 2775 qnae
1065 2679 1162 2752 multa
1182 2681 1299 2750 damna
1326 2680 1460 2750 lecerat
1557 2715 1558 2723 κ

259 2803 404 2888 Venetis,
425 2805 634 2876 mercimonia
654 2829 769 2878 eorum
788 2805 1034 2899 depraedando,
1054 2813 1258 2878 mercatores
1272 2812 1315 2877 et
1335 2812 1455 2876 nantas
1559 2842 1560 2909 p

261 2930 460 3002 Venetorum
485 2913 712 3002 interficiendo
739 2939 773 3004 et
802 2933 835 3002 in
868 2935 947 3003 mari
973 2933 1236 3028 praecipitando.
1265 2933 1459 3025 Eapropter

261 3057 333 3126 Dux
353 3056 554 3128 Venetorum
574 3058 651 3130 dixit
669 3058 829 3129 Balduino
849 3060 979 3143 Comiti,
1001 3061 1102 3153 quod,
1129 3062 1156 3132 si
1174 3059 1278 3130 uellet
1296 3062 1461 3131 Gaamm

261 3203 335 3253 cunr
354 3185 422 3253 suis
438 3205 627 3278 expugnare
647 3192 681 3256 et
699 3183 832 3268 lucrari,
851 3185 928 3255 nibil
940 3207 1002 3278 pro
1017 3187 1148 3279 navigio
1164 3185 1293 3270 darent,
1313 3192 1348 3256 et
1367 3183 1460 3278 quod

261 3308 377 3378 melius
396 3310 493 3380 etiam
512 3317 603 3381 esset
626 3318 661 3381 et
685 3311 821 3404 majoris
841 3313 965 3395 meriti,
986 3311 1069 3384 tales
1087 3313 1274 3407 praedones
1294 3319 1330 3382 et
1347 3311 1460 3381 bomi-

260 3434 351 3504 cidas
371 3430 430 3506 seu
450 3437 573 3528 piratas
593 3437 778 3520 destruere,
799 3461 893 3531 quarn
913 3439 1094 3510 Jerusalem
1113 3438 1278 3532 proticisci
1297 3457 1456 3530 peregre.

260 3559 373 3632 Gallici
393 3559 457 3630 boc
477 3561 660 3648 audientes,
681 3567 839 3635 Gazaram
859 3566 1045 3648 tendentes,
1065 3565 1149 3636 illan
1170 3565 1334 3635 civitatem
1348 3563 1460 3634 Vene-

261 3687 304 3756 tis
322 3687 482 3758 inimicam
501 3689 636 3782 capiunt
654 3697 689 3760 ct
706 3691 859 3784 spoliant,
886 3691 1135 3785 subjectamque
1155 3691 1357 3762 Venetorum
1376 3689 1461 3760 Daci

261 3811 302 3882 ad
327 3811 508 3906 regendam
531 3817 676 3887 tradunt.
706 3817 756 3888 llo
777 3819 809 3887 in
828 3823 979 3910 ternpore
998 3819 1128 3889 auditur
1153 3817 1307 3888 mirabilis
1333 3839 1459 3897 rumor,

261 3931 1460 4037 quodCrisae¹)‚Imperatorconstantinopolitanus,airatresuodlexio

262 4063 293 4132 in
314 4064 454 4155 quodam
482 4072 682 4140 monasterio
708 4069 894 4139 monialium
921 4068 1112 4140 exoculatus
1140 4076 1191 4139 est
1217 4069 1403 4152 violenter,
1426 4077 1460 4139 et

263 4187 394 4260 Alexius
420 4190 480 4260 sibi
506 4215 662 4266 coronam
692 4201 726 4265 et
749 4197 921 4288 lmperium
946 4203 1094 4288 usurpat.
1132 4195 1203 4266 lloo
1232 4195 1372 4266 audiens
1402 4219 1458 4265 rex

261 4313 469 4408 Ungarorum
502 4319 665 4411 supplicat
696 4321 875 4405 balduino,
916 4323 1026 4393 comiti
1063 4321 1258 4406 l'landriae‚
1295 4329 1459 4414 qnatenus

261 4438 407 4510 Alesiam
443 4443 608 4535 expellere
636 4445 752 4528 vellet,
792 4445 948 4516 etlilium
977 4447 1107 4530 (trisne,
1137 4445 1283 4518 Aletium
1313 4451 1458 4530 nomine,

291 4593 317 4662 ¹)
337 4594 384 4645 l.e
406 4594 465 4647 llir
481 4595 553 4648 Sao.
