3110 5080
187 417 189 422 ,
311 361 408 418 luvoc.
420 361 455 418 lll
468 375 603 418 erroneos
617 377 656 416 no
667 360 847 416 Bonrrnorms
860 359 1054 416 ldonrrssrnx.
1197 350 1275 422 lid

642 531 724 606 GlV.

81 656 275 724 incautius
283 653 1277 739 itllsrollenlloxtlslemttmitulos)llaxdrlae,h(nderloe)

304 765 449 848 blesensi,
465 771 496 830 ct
507 765 658 850 Rufioni)
674 766 770 838 sexotl
786 765 878 846 rull,
895 765 1063 830 homitibus.

264 891 304 958 Ut
329 891 364 956 in
391 891 562 958 abactam
587 898 695 958 terroe
722 897 854 958 conduc
879 895 1098 977 transfretent.

600 1015 631 1070 Α.
645 1014 672 1068 d.
685 1014 765 1070 1203.

174 1125 302 1212 Epistol.
319 1125 445 1192 innoc.
461 1125 499 1192 lli
513 1124 566 1192 lib.
581 1126 627 1200 Vl.
643 1146 692 1212 ep.
707 1123 744 1190 01
759 1124 807 1190 ed.
825 1125 1052 1212 brequigny
1067 1124 1103 1188 T.
1116 1123 1179 1210 i,p.
1194 1123 1270 1189 309.

80 1233 468 1320 Rayuald.l.l.§.13.

175 1387 257 1458 Cum
281 1387 313 1456 in
338 1408 434 1458 manu
453 1384 558 1458 valida
577 1391 611 1457 et
630 1391 763 1458 extento
783 1384 918 1456 brachio
940 1384 1069 1480 egressi
1087 1385 1216 1457 fueritis
1235 1385 1278 1457 de

82 1511 252 1608 Aegypto,
272 1519 310 1584 ut
324 1535 384 1585 vos
398 1514 488 1606 ipsos
502 1513 643 1584 Domino
657 1512 689 1582 in
705 1513 900 1584 sacrificium
920 1514 1097 1596 offerretis,
1117 1511 1279 1584 doluimus

80 1661 150 1710 non
171 1639 332 1710 modicum
352 1639 565 1724 studemus,
586 1640 672 1734 quod
691 1639 818 1712 Pharao
839 1664 898 1711 vos
916 1641 1126 1736 persequitur
1143 1640 1278 1736 lugien-

79 1771 148 1850 tes,
180 1765 230 1836 vel
250 1789 308 1837 vos
326 1767 438 1862 potius
457 1767 625 1860 sequimini
643 1767 861 1851 Pharaonem,
887 1768 941 1860 qui
961 1790 1034 1852 vos,
1059 1767 1120 1840 sub
1140 1765 1277 1862 quadam

78 1893 290 1964 necessitatis
301 1894 412 1988 specie
426 1915 465 1965 ac
479 1893 637 1966 velamine
651 1893 794 1988 pietatis,
809 1894 870 1964 sub
881 1894 968 1990 jugo
981 1893 1110 1988 peccati
1126 1901 1276 1966 vetustae

79 2019 196 2091 nititur
214 2017 358 2090 subdere
378 2021 537 2092 servituti.

175 2145 345 2218 Doluimus
365 2154 492 2232 autem,
512 2147 598 2219 sicut
614 2147 857 2242 praemisimus,
877 2153 911 2218 et
930 2145 1078 2218 dolemus
1096 2170 1158 2242 pro
1180 2147 1276 2218 nobis

78 2273 207 2368 pariter
232 2279 267 2343 et
291 2297 354 2368 pro
379 2275 491 2360 vobis,
517 2281 552 2346 et
575 2296 638 2368 pro
664 2274 815 2346 universo
839 2273 962 2369 populo
984 2273 1182 2346 Christiano.
1211 2275 1276 2346 Pro

79 2400 190 2484 nobis,
211 2399 297 2493 quia,
318 2400 407 2484 dum,
427 2401 516 2496 quod
534 2399 809 2472 seminaveramus
827 2401 860 2472 in
879 2400 1043 2496 lacrymis,
1063 2425 1123 2494 per
1141 2401 1273 2496 legatos

81 2535 117 2596 et
144 2525 257 2597 literas
285 2532 433 2610 nostras,
448 2527 554 2599 -vobis
578 2534 612 2599 et
635 2527 705 2598 aliis
731 2528 880 2622 saepius,
907 2549 971 2598 oon
991 2527 1116 2620 absque
1136 2527 1274 2623 quadam

81 2652 297 2724 amaritudine
324 2653 434 2726 cordis
461 2661 495 2724 et
516 2655 669 2750 corporis
693 2655 858 2726 anxietate
877 2676 941 2726 non
960 2654 1108 2741 modica,
1136 2655 1271 2728 verbum

81 2779 211 2850 Domini
231 2787 469 2874 proponentes,
489 2787 523 2850 et
541 2780 752 2853 exhortantes
770 2781 910 2853 nominis
928 2781 1106 2854 Christiani
1126 2781 1273 2854 cultores

82 2904 125 2976 ad
139 2905 363 2976 vindicandam
382 2905 532 2998 injuriam
545 2909 624 2979 lesu
640 2907 772 2992 Christi,
794 2907 1009 2978 credebamus
1025 2931 1085 2979 nos
1101 2911 1133 2980 in
1149 2908 1274 2980 exulta-

80 3031 174 3104 tione
207 3057 392 3117 messuros,
432 3056 472 3102 ex
505 3033 680 3130 improviso
709 3036 805 3105 messi
832 3041 967 3106 nostrae
996 3035 1143 3108 inimicus
1174 3035 1274 3106 homo

82 3159 355 3254 superseminavit
373 3159 506 3243 abania,
526 3167 560 3232 et
579 3161 627 3232 sic
641 3162 765 3232 semina
780 3162 914 3245 vitiavit,
934 3168 970 3232 ut
988 3162 1019 3231 in
1039 3162 1149 3234 lolium
1169 3161 1274 3257 dege-

81 3309 220 3360 nerasse
252 3286 396 3357 triticum
427 3285 584 3358 videatur.
618 3289 683 3360 Pro
712 3288 805 3359 vobis
832 3295 963 3369 autem,
994 3291 1168 3384 quoniam,
1201 3313 1274 3360 oum

80 3415 328 3508 expurgassetis
358 3419 453 3484 vetus
484 3414 699 3499 fermentum,
733 3421 768 3486 et
800 3415 1014 3488 crederemini
1044 3417 1113 3509 jam
1140 3417 1272 3511 penitus

82 3547 230 3612 veterem
247 3539 408 3612 hominem
428 3562 501 3612 cum
520 3541 587 3611 suis
606 3541 734 3612 actibus
753 3543 896 3626 exuisse,
923 3542 1085 3612 modicum
1111 3543 1274 3624 fermenti,

84 3675 118 3740 et
147 3667 270 3739 utinam
296 3667 477 3750 modicum,
506 3669 656 3764 corrupit
682 3668 790 3739 denuo
818 3674 922 3740 totam
949 3691 1106 3753 massam;
1139 3676 1172 3741 et
1198 3669 1273 3740 dum

83 3795 278 3864 vestimenta
302 3800 410 3864 vestra
436 3795 572 3865 candida
598 3818 664 3866 oon
692 3795 869 3878 servastis,
900 3796 991 3890 quasi
1016 3806 1162 3867 veterem
1184 3797 1273 3867 rein-

84 3919 202 3992 duistis
221 3919 389 4004 amictum,
414 3942 543 3992 manum
561 3919 769 3992 retrahentes
788 3921 829 3991 ab
850 3928 974 4006 aratro,
1005 3931 1039 3994 et
1056 3924 1273 4018 respicientes

85 4071 159 4122 cum
185 4049 331 4143 conjuge
355 4047 441 4120 both
467 4053 668 4132 retrorsum
697 4049 754 4133 ita,
774 4055 811 4119 ut
825 4047 893 4140 jam
912 4049 979 4142 apti
1000 4072 1066 4120 non
1086 4051 1273 4122 videremini

85 4175 263 4247 secondum
283 4173 479 4269 Apostolum
500 4195 607 4269 regno
633 4175 707 4246 Dei.
732 4177 797 4247 Pro
817 4176 939 4270 populo
959 4183 1066 4247 autem
1088 4176 1273 4248 Christiano

85 4303 246 4375 doluimus
271 4308 306 4374 et
330 4301 496 4386 dolemus,
526 4301 677 4398 quoniam
701 4279 776 4372 inde
800 4301 988 4375 humiliatur
1007 4304 1161 4398 amplius,
1187 4304 1274 4376 unde

85 4429 285 4502 credebatur
301 4427 412 4526 potios
430 4426 576 4499 exaltari.
601 4429 682 4499 Cum
702 4430 786 4498 enim
804 4429 908 4512 multi,
928 4431 981 4524 qui
1001 4453 1061 4500 vos
1078 4453 1274 4524 praecesse·

86 4564 160 4630 rant
170 4555 203 4628 in
215 4555 340 4627 Terrae
354 4561 490 4627 sanctae
503 4527 708 4641 succursum,
728 4555 816 4650 quod
831 4579 896 4628 non
910 4555 1134 4629 ascenderetis
1148 4558 1273 4646 audito,
