3130 5078
272 363 349 438 546
571 375 666 430 lanor.
681 375 713 430 lll
727 391 818 430 nonar.
832 392 868 430 nn
881 373 1006 429 Tuouau
1021 373 1107 428 Para.
1120 373 1165 427 Or.

800 547 923 618 exult.

395 673 584 736 laurentius
600 671 641 734 ΙΙΙ
657 671 780 751 tuone,
796 671 971 735 latrlarclre
987 670 1322 752 mustum-pontano.

270 797 315 861 Ne
341 819 385 862 er
412 819 463 874 eo,
500 795 584 882 quod
610 795 680 882 ipsc
709 795 860 879 Pontifex
891 795 1113 862 Pctriorcbcm
1138 795 1248 882 clepit,
1284 793 1454 860 Ecclesiae

508 903 875 991 Corcetonticopolitouoe
889 903 1017 988 juribus
1032 904 1209 991 derogetur.

645 1017 675 1072 Α.
690 1017 715 1071 d.
730 1018 809 1082 leot,
822 1017 863 1072 die
876 1018 920 1072 30.
934 1036 967 1072 m.
981 1019 1074 1072 Martii.

356 1120 476 1184 lnnoc.
487 1119 525 1184 lll
535 1121 622 1203 epist.
632 1119 682 1184 lib.
697 1118 769 1191 Vlll,
784 1141 831 1203 ep.
848 1119 928 1184 XXV
944 1121 992 1184 cd.
1006 1120 1224 1205 brequigny
1236 1119 1272 1182 Τ.
1285 1119 1319 1192 ss,
1331 1140 1361 1203 p.
1372 1120 1451 1185 669.

358 1254 452 1324 Licet
479 1252 555 1322 nulli
585 1251 713 1346 penitus
741 1251 889 1344 injuriam
916 1251 1091 1335 iaciamus,
1125 1275 1198 1324 cum
1224 1253 1345 1324 utimur
1368 1251 1449 1343 jure

267 1390 397 1462 nostro,
424 1403 486 1450 nec
513 1379 671 1473 depereat
697 1380 865 1473 quicquam
884 1377 1060 1472 aliquibus,
1090 1401 1162 1449 cum
1181 1378 1331 1449 collatam
1353 1377 1450 1448 nobis

265 1507 508 1577 ecclesiasticae
535 1506 707 1600 potestatis
726 1505 956 1597 plenitudinem
976 1529 1184 1588 exercemus,
1211 1506 1449 1577 Constantino·

266 1633 428 1726 politanae
448 1639 555 1704 tamen
576 1630 743 1702 Ecclesiae
770 1632 943 1724 providere
970 1631 1115 1702 volumus
1140 1630 1182 1701 ad
1206 1632 1386 1714 cantelam,
1412 1639 1449 1702 et

268 1760 384 1831 dolosa
401 1759 486 1830 labia
506 1765 540 1828 et
565 1759 704 1852 linguam
725 1757 895 1850 malignam
915 1758 1107 1828 habentibus
1127 1761 1292 1830 materiam
1313 1758 1449 1829 subtra-

267 1886 347 1958 here
362 1885 591 1957 murmurandi.
612 1883 763 1973 Quamvis
777 1885 889 1978 igitur,
909 1883 1055 1976 ejusdem
1071 1885 1238 1956 Ecclesiae
1258 1885 1399 1956 utilitate
1413 1893 1450 1954 et

267 2013 463 2084 necessitate
482 2019 641 2105 cogente,
662 2017 777 2104 utpote
797 2034 896 2104 quae,
917 2018 1087 2104 postquam
1108 2011 1446 2104 Constantinopolita-

268 2165 342 2214 num
358 2141 527 2234 lmperium
544 2139 727 2208 devolutum
743 2137 853 2207 fuerat
866 2137 905 2206 ad
921 2137 1067 2222 Latinos,
1086 2159 1149 2208 non
1165 2139 1271 2208 luerat
1286 2138 1448 2220 ordinata,

267 2269 353 2339 unde
373 2289 438 2336 non
457 2266 497 2336 ad
517 2265 624 2348 alium,
644 2263 702 2334 sed
717 2263 758 2334 ad
777 2287 837 2334 nos
851 2270 974 2334 tantum
989 2266 1059 2334 eius
1075 2265 1236 2336 ordinatio
1251 2265 1449 2357 pertinebat,

267 2404 301 2465 te
320 2397 351 2465 in
372 2391 774 2486 Constantinopolitanum
788 2391 997 2484 elegerimus,
1017 2399 1051 2460 et
1065 2391 1216 2486 eligendo
1232 2393 1448 2462 confirmare-

269 2521 367 2592 rimus
390 2518 628 2600 Patriareham,
655 2525 689 2588 et
708 2541 824 2588 munus
842 2517 971 2587 tandem
992 2519 1249 2588 consecrationis
1268 2519 1324 2588 tibi
1344 2519 1449 2590 dure-

268 2649 368 2718 rimus
378 2646 640 2739 impendendnm:
652 2644 724 2738 quia
739 2651 847 2714 tamen
858 2644 961 2713 eidem
978 2643 1145 2716 Ecclesiae
1157 2644 1286 2714 auferre
1296 2645 1450 2716 nolumus

269 2774 438 2845 electionis
458 2771 635 2842 canonicae
654 2771 849 2850 libertatem,
870 2770 977 2864 inqua
993 2771 1093 2864 ipsam
1109 2770 1217 2862 potius
1236 2779 1449 2842 manutenere

269 2901 479 2994 proponimus
506 2906 540 2968 et
566 2899 696 2980 lovere,
728 2899 896 2978 nolumus,
924 2905 960 2967 ut
978 2921 1016 2967 eu
1036 2897 1124 2968 iacto
1144 2905 1258 2970 nostro
1279 2899 1396 2993 aliquid
1416 2899 1447 2969 ei

266 3026 500 3119 praejudicium
519 3029 709 3118 generetur,
730 3024 912 3116 quominus,
937 3047 1010 3094 cum
1030 3047 1100 3095 earn
1122 3047 1238 3096 vacare
1257 3025 1450 3118 contigerit,

269 3155 426 3226 canonice
446 3151 625 3224 ordinetur.

357 3280 473 3351 Datum
508 3279 623 3360 Reuss,
660 3277 743 3370 apud
777 3285 923 3346 sanctum
956 3277 1104 3358 Petrum,
1144 3278 1185 3347 lll
1217 3277 1286 3347 llal.
1317 3277 1450 3369 Aprilis,

268 3433 354 3480 anno
379 3415 510 3478 octauo.

788 3529 926 3600 cxtlll.

371 3656 559 3721 lancccntlrs
575 3654 616 3718 lll
633 3654 775 3718 dradensl
792 3653 965 3717 latrlarcbo
975 3650 1003 3738 ¹)
1021 3657 1052 3717 et
1068 3654 1261 3734 sullraganels
1277 3653 1350 3718 etas.

269 3767 438 3831 Certiorem
462 3784 530 3828 eum
551 3762 670 3838 reddit,
692 3783 713 3825 a
727 3783 762 3825 se
777 3761 935 3826 decretam
955 3761 1074 3844 fuisse,
1097 3783 1138 3826 nc
1154 3762 1280 3838 cicrici,
1305 3763 1361 3848 qai
1374 3771 1449 3828 aunt

303 3875 393 3960 opud
408 3870 630 3940 Potricrcbcm
647 3869 1039 3954 Constantinopolituoom,
1056 3870 1235 3936 sacerdotia
1250 3871 1406 3936 asceam.

643 3975 674 4028 Α.
689 3975 715 4028 (1.
730 3975 809 4036 leot,
823 3975 865 4028 die
879 3973 922 4029 30.
935 3991 967 4027 ιιι.
981 3974 1074 4029 Martii.

355 4073 477 4136 lnnoc.
487 4070 523 4134 lll
535 4070 623 4152 epist.
638 4067 689 4131 lib.
699 4067 772 4145 Vlll,
784 4089 832 4152 cp.
842 4067 933 4136 XXVI
945 4067 1144 4154 edbrdqui
1152 4089 1224 4152 gny
1236 4069 1271 4132 T.
1281 4069 1317 4146 ll,
1329 4092 1358 4155 p.
1369 4071 1448 4136 669.

354 4209 433 4276 Cum
450 4201 598 4273 Ecclesia
614 4201 973 4294 Constantinopolitano
993 4201 1024 4270 in
1044 4224 1159 4272 nouam
1180 4223 1265 4272 nunc
1285 4203 1446 4297 quodam-

267 4334 362 4405 modo
388 4331 551 4402 infantiam
580 4335 784 4408 renascatur,
813 4335 847 4396 ct
873 4335 1025 4421 tanquam
1054 4327 1204 4419 parvula„
1234 4352 1295 4400 nec
1322 4329 1448 4401 babens

297 4449 382 4456 ..-.,.....-
403 4443 573 4453 .-..--.-.--

279 4489 307 4556 ¹)
319 4485 605 4546 Rensnietusralenns,
614 4483 673 4536 coll.
683 4481 704 4536 U
709 4481 814 4553 ghelli
827 4483 883 4536 ltal.
891 4499 966 4536 sacra
974 4483 1006 4536 T.
1015 4483 1076 4554 ll,p.
1084 4483 1163 4538 1131.
1171 4483 1303 4545 llatioaes,
1311 4501 1371 4554 quae
1379 4485 1449 4540 inter

318 4572 968 4647 ipsnmncPapamintercesserint,illustrantbuius
976 4573 1147 4644 epistolares.
1155 4573 1227 4632 nvn,
1234 4589 1276 4645 ep.
1283 4574 1447 4631 LXXWEC.
