3110 5076
284 337 360 410 242
585 349 680 404 luuoo.
693 351 727 404 lll
739 367 830 406 nrrsr.
843 368 880 404 nn
894 351 978 406 Anax.
993 351 1026 405 lll
1039 351 1098 405 lma.
1112 351 1157 406 Cr.

280 526 412 592 nostras
430 521 557 615 recepit
574 519 736 592 humiliter
754 522 963 618 imperatoria
982 522 1159 605 celsitudo,
1185 529 1219 592 et
1235 523 1277 594 ad
1292 547 1353 605 ea,
1380 549 1462 618 quae

280 671 381 742 snper
414 647 574 720 ecclcsiae
605 649 730 720 unitate
765 673 826 722 nos
860 649 1033 743 scripsisse
1060 648 1276 731 meminimus,
1306 652 1368 720 etsi
1397 673 1461 748 non

280 776 410 846 omnino
442 776 643 848 sufficienter
673 782 707 848 et
739 776 923 861 evidenter,
961 776 1103 868 henigne
1132 783 1241 846 tamen
1274 785 1308 848 et
1343 776 1464 848 deuote

279 902 467 996 respondit,
498 911 531 974 ct
562 903 801 975 exhortationes
835 914 869 975 et
899 904 1169 975 commonitiones
1201 909 1334 974 nostras
1370 927 1463 976 suum

264 1031 447 1125 'rescripsit
465 1031 634 1127 lmpcrium
654 1039 857 1126 acceptasse.

368 1157 398 1228 Is
419 1159 519 1242 enim,
546 1181 648 1252 aquo
673 1159 852 1230 secuudum
877 1158 1070 1253 Apostolum
1099 1163 1150 1228 est
1173 1157 1276 1228 omnis
1300 1163 1462 1252 potestas,

279 1289 446 1356 scrutator
469 1285 594 1358 scilicet
611 1309 724 1358 renum
743 1293 778 1358 et
796 1287 944 1359 cordium
967 1288 1064 1358 lesus
1084 1283 1251 1368 Christus,
1280 1285 1333 1379 qui
1360 1285 1461 1356 habet

279 1435 338 1484 cor
355 1411 539 1507 Principum
558 1414 590 1484 in
608 1435 704 1485 manu
721 1439 797 1500 sua,
825 1417 878 1509 qui
897 1415 1001 1508 aperit
1020 1419 1054 1484 et
1073 1435 1167 1482 nemo
1194 1411 1334 1495 claudit,
1362 1433 1460 1482 aures

158 1584 160 1592 ·
277 1544 355 1610 tuac
368 1539 553 1612 serenitatis
567 1541 693 1634 apernit
706 1546 740 1612 ct
753 1563 827 1612 eum
844 1541 903 1612 tibi
919 1539 1102 1611 deuotionis
1116 1537 1264 1630 spiritum
1282 1537 1462 1631 inspiravit,

281 1673 331 1751 ut,
352 1690 434 1761 quae
452 1689 513 1761 per
531 1691 605 1752 nos,
631 1667 709 1740 licet
727 1669 958 1742 insufficientes
977 1667 1115 1739 vicarios
1135 1689 1214 1736 suos
1233 1672 1267 1737 et
1283 1667 1464 1736 immeritos

279 1793 503 1888 apostolorum
523 1795 676 1889 principis
695 1819 918 1880 successores,
944 1793 1104 1887 imperiali
1124 1793 1387 1885 magnificentiae
1404 1792 1461 1863 lit-

276 1921 356 1994 teris
374 1921 504 1994 inerant
519 1930 661 2006 exarata,
681 1930 715 1994 ct
732 1923 863 1996 audires
882 1921 1045 1994 humiliter
1063 1927 1098 1992 et
1116 1919 1286 2012 benignius
1305 1927 1462 2015 accepta-

276 2071 349 2130 res;
378 2047 456 2120 licet
481 2072 581 2143 super
606 2049 822 2123 subuentionc
848 2059 957 2122 terrac
985 2047 1188 2138 orientalib)
1218 2045 1377 2118 hactenus
1396 2070 1463 2118 non

275 2176 419 2270 impensa
445 2176 714 2271 magnificentiam
739 2183 827 2250 tuem
856 2200 918 2248 nos
946 2175 1125 2249 credideris
1153 2176 1358 2269 increpasse,
1387 2198 1462 2246 cum

274 2309 384 2374 tamen
403 2303 437 2374 id
455 2326 521 2376 non
535 2305 735 2398 increpando
748 2305 986 2399 scripserimus,
1006 2303 1065 2376 sed
1078 2304 1187 2398 potins
1203 2301 1462 2384 commonendo;

280 2431 426 2522 quamuis
442 2430 675 2525 increpationis
688 2431 863 2526 alloquium
878 2455 897 2504 e
910 2429 1085 2526 pontificali
1103 2451 1170 2500 non
1188 2431 1232 2500 sit
1250 2430 1359 2500 officio
1377 2428 1462 2499 alie-

279 2581 372 2642 num,
387 2559 482 2652 juxta
502 2559 590 2652 quod
608 2559 726 2632 Paulus
746 2559 788 2631 ad
806 2559 1007 2631 Timotheum
1028 2557 1084 2650 (l,
1107 2556 1463 2649 memmonicos:

272 2683 441 2780 praedica
458 2687 616 2770 uadum,
637 2689 729 2760 insta
746 2690 946 2782 importune,
966 2695 1150 2781 opportune
1168 2707 1284 2778 urpue,
1310 2685 1463 2768 obsecra,

278 2815 416 2908 increpo
433 2816 472 2886 io
491 2817 584 2886 omui
597 2819 763 2909 potencia
781 2825 815 2888 ct
832 2815 996 2888 dochino.

370 2939 523 3012 hliremur
532 2947 650 3026 autem,
666 2943 753 3036 quod
767 2943 943 3038 imperialis
957 2940 1129 3035 prudentia
1137 2959 1199 3033 pro
1209 2939 1464 3033 recuperatione

276 3073 387 3140 terrae
413 3074 546 3140 sanctae
572 3069 714 3140 nondum
743 3083 817 3142 csse
844 3067 1053 3142 laborandum
1082 3067 1152 3138 uisa
1179 3075 1230 3138 est
1251 3067 1318 3137 suis
1343 3065 1464 3138 litteris

277 3195 439 3266 innuisse:
461 3195 545 3289 qaia,
564 3195 650 3268 sicut
664 3221 703 3268 er
717 3197 905 3270 detentione
924 3198 1024 3290 ipsius
1044 3203 1155 3268 terrac
1172 3201 1304 3287 poterat
1323 3195 1463 3264 euiden-

276 3327 330 3392 tcr
343 3322 490 3417 agnosci,
509 3323 653 3396 nondum
672 3322 827 3396 Dominus
845 3324 989 3417 peccatis
1009 3323 1129 3396 nostris
1148 3322 1255 3392 lucret
1273 3319 1463 3415 complaca-

276 3459 348 3534 tus,
378 3450 432 3543 qui
458 3472 523 3520 non
547 3451 580 3520 in
604 3450 824 3534 multitudiue,
855 3474 917 3522 nec
942 3451 974 3520 in
1001 3473 1099 3534 arou,
1126 3449 1185 3520 sed
1210 3449 1242 3520 in
1263 3449 1382 3520 uirtute
1400 3471 1462 3520 sua

275 3576 383 3648 salvos
401 3577 480 3648 lacit
498 3577 539 3648 dc
557 3601 617 3649 sua
635 3579 858 3650 misericordia
878 3578 1091 3649 confidentes.
1121 3577 1230 3647 Times
1250 3578 1351 3657 enim,
1373 3575 1463 3648 sicut

274 3711 351 3775 tuac
369 3703 500 3775 litterae
519 3704 744 3789 continebant,
772 3729 829 3787 ne,
859 3708 885 3776 si
910 3713 1038 3800 tempus
1058 3729 1076 3775 a
1095 3703 1166 3775 Deo
1186 3705 1330 3774 eiusdem
1348 3711 1462 3774 terrac

274 3831 459 3903 liberationi
478 3832 659 3926 praevisum
678 3833 854 3927 Imperialis
869 3833 1029 3904 serenitas
1044 3831 1187 3903 noluerit
1199 3832 1401 3926 praeuenire,
1423 3855 1461 3902 sc

273 3959 394 4032 frustra
419 3959 587 4032 lahorasse
607 3961 758 4056 deploret
778 3970 811 4033 et
828 3963 1016 4056 increpetur
1035 3984 1053 4031 a
1072 3959 1209 4031 Domino
1229 3983 1291 4054 per
1308 3959 1461 4054 Prophe·

272 4093 340 4156 tam
360 4087 539 4159 dicentem:
558 4089 628 4160 aidi
646 4098 886 4186 reperuerunt,
907 4099 939 4162 ct
956 4113 1023 4160 non
1035 4113 1103 4185 per
1121 4111 1173 4158 mc
1187 4087 1352 4159 dominari
1368 4097 1461 4172 aaut,

273 4237 336 4284 uec
362 4239 416 4288 me
440 4209 657 4310 commod).
691 4217 812 4290 Verum
838 4223 875 4288 ut
901 4195 1058 4288 nontam
1086 4216 1127 4286 ad
1154 4211 1461 4310 reprehensionem,

273 4365 367 4434 quam
405 4341 652 4413 instructionem
687 4343 875 4437 loquamur,
919 4343 947 4413 si
986 4341 1158 4435 diligenter
1197 4341 1387 4413 consideres
1427 4349 1464 4413 et

296 4549 325 4622 ‘J
344 4552 428 4606 llosca
441 4553 466 4614 8,
480 4553 506 4605 t.
