3110 5080
368 347 557 404 Pnrrrnnerurr
570 348 676 404 Laorus
689 349 712 404 ΙΙ
724 349 837 404 hauan.
852 366 945 406 neers.
1169 341 1245 414 377

58 511 175 578 ianmn
191 512 284 580 habet
304 515 440 588 statium,
463 522 496 581 et
510 516 621 582 honam
633 517 767 602 madum
782 517 907 582 retinet.
932 518 959 584 A
972 525 1069 606 portu
1084 540 1157 584 aera
1173 519 1250 584 Pini

57 645 160 712 usquc
176 625 221 688 od
232 632 389 711 portum
406 625 700 713 Caoatcriam¹)
717 627 825 694 decem
839 629 940 692 miliia
956 635 1043 700 ment.
1068 630 1247 718 macipando

56 754 120 819 per
137 741 284 821 quartam
301 736 449 800 Panentia
463 757 572 800 ommes
590 736 770 800 Garhinum.
796 737 907 802 Dietree
922 759 996 802 vero
1007 745 1122 825 portae
1138 739 1250 802 honum

58 843 317 920 tannetarium,
341 851 371 909 et
387 845 498 910 bonam
513 846 629 910 retinet
640 847 785 930 fundum.
809 847 837 912 A
848 854 948 933 portu
964 855 1067 912 antem
1084 847 1249 914 Cenatoria

57 954 223 1040 nequead
243 961 399 1040 portum
423 955 766 1041 Prodcnaotiaw)
787 957 845 1020 XV
852 957 955 1021 millia
977 963 1249 1044 computantur,·a

58 1063 206 1128 moute
227 1063 375 1128 similiter
395 1071 428 1128 et
450 1066 598 1130 Ponente.
622 1065 735 1130 Dictus
755 1065 871 1130 scolius
892 1065 986 1130 hahet
1006 1066 1133 1130 etotium
1154 1066 1249 1136 iana,

60 1181 159 1258 atque
186 1192 331 1258 mnqnam
354 1173 487 1258 fandum
514 1173 647 1250 retinet;
679 1183 711 1238 et
736 1174 769 1239 in
792 1175 876 1240 dicta
897 1176 994 1242 acolio
1015 1182 1088 1240 eunt
1109 1176 1250 1262 pendam

59 1280 213 1356 muralia,
229 1282 313 1346 unde
334 1282 402 1347 illic
419 1303 526 1370 prope
541 1289 588 1347 eet
601 1283 738 1348 aratiam.
763 1282 791 1348 A
806 1284 903 1348 aeolia
920 1305 994 1348 acra
1010 1284 1251 1350 Prodeneaiinm

58 1410 162 1476 usqae
184 1388 212 1452 S
218 1390 338 1478 equin
348 1387 377 1474 ⁸)
401 1390 503 1455 millia
518 1392 576 1456 LX
587 1413 655 1456 cese
674 1391 832 1464 dicantur,
851 1413 914 1480 per
935 1399 1081 1480 quartam
1102 1393 1251 1458 Poacntis

59 1518 174 1562 veruca
191 1499 361 1564 Gariinam
377 1500 566 1586 macipando.
584 1499 621 1564 ln
637 1501 721 1566 dicto
737 1522 811 1566 vera
822 1500 941 1588 Sequin
952 1508 1090 1588 poseant
1101 1501 1250 1567 anchora

56 1607 128 1693 fiqi,
152 1613 184 1670 et
208 1607 284 1672 inde
308 1616 488 1696 coopertam
509 1609 625 1696 recipit
647 1632 667 1676 c
689 1611 846 1688 Ponente;
874 1611 1022 1676 similiter
1043 1611 1138 1676 habet
1157 1632 1253 1676 naum

57 1715 189 1800 flamen,
206 1717 291 1804 quod
305 1719 423 1782 inbitur
437 1719 471 1782 in
487 1719 579 1782 mari.
603 1718 762 1806 ASeqain
777 1741 875 1808 aeque
890 1721 936 1785 ad
949 1718 1251 1804 Scalltmcross)

61 1825 169 1890 mittin
186 1833 261 1890 eant
283 1827 405 1915 oiqinti.
429 1850 450 1892 a
467 1828 576 1894 Gracc
592 1835 624 1894 ct
641 1829 790 1894 Garbinc.
815 1829 853 1894 in
868 1830 953 1894 dicto
969 1851 1043 1894 aero
1059 1828 1253 1895 Statiimarie

59 1943 198 2023 pareunt
224 1957 349 2002 ancora
372 1938 444 2026 fiqi.
473 1945 504 2002 et
529 1938 677 2002 similiter
697 1945 876 2025 coopertum
900 1938 994 2004 habet
1010 1961 1030 2002 a
1053 1940 1200 2004 Ponente.
1226 1936 1253 2002 A

65 2045 264 2110 Staltimarie
285 2068 384 2134 rceqsm
407 2048 451 2114 ad
473 2045 712 2133 coronares)
735 2048 822 2113 XXX
837 2048 938 2112 mittio
965 2053 1203 2134 computantur,
1232 2069 1253 2112 a

65 2155 190 2240 Syroeo
206 2177 327 2244 qaoque
342 2165 373 2222 ct
387 2179 408 2222 a
423 2157 597 2244 Maqietror
621 2163 652 2220 ct
667 2159 776 2222 honam
795 2164 924 2244 portum
940 2156 1063 2221 retinet.
1089 2157 1115 2220 A
1132 2156 1248 2220 Catan-

66 2265 244 2329 droantem
259 2287 356 2354 enque
377 2266 422 2330 ad
442 2263 658 2350 Salmodet)
682 2267 848 2331 XXVeant
862 2265 974 2338 millia,
997 2265 1178 2354 naoiqando
1193 2285 1254 2351 per

67 2382 214 2463 quartam
240 2375 389 2462 Maqietri
415 2396 523 2440 vermes
550 2376 727 2440 Pancatcm.
764 2375 792 2440 A
813 2373 960 2440 Salmode
986 2397 1060 2440 vera
1086 2396 1184 2462 aeque
1211 2375 1256 2440 nd

66 2483 349 2550 Anthiocetam
363 2485 390 2566 ⁷)
408 2484 465 2548 XX
472 2485 574 2548 millia
586 2506 653 2548 esee
664 2485 821 2556 dicantar,
838 2485 1018 2570 naoiqando
1034 2484 1119 2548 inter
1133 2485 1256 2548 Ponen-

67 2601 128 2658 tem
142 2600 174 2658 et
186 2594 384 2680 Maqietrum.
397 2594 636 2660 AbAnthiaceta
647 2615 745 2682 neque
756 2595 801 2659 ad
811 2603 946 2660 austriam
958 2595 1071 2658 Lami
1080 2595 1216 2658 ardum
1226 2589 1255 2677 ⁸)

68 2703 157 2768 XXV
163 2703 265 2767 miliia
280 2711 511 2789 carnputontur,
531 2723 592 2789 per
613 2711 756 2790 quartam
783 2705 930 2768 Poncntia
945 2723 1054 2767 carnee
1070 2703 1257 2790 Magistrum

68 2813 261 2900 macipando.
285 2813 312 2878 A
329 2815 458 2878 castello
474 2819 577 2877 autern
593 2815 767 2878 Lomhnrda
783 2836 881 2901 neme
897 2813 941 2878 ad
957 2811 1255 2897 Candeloruw)

68 2923 176 2987 decem
191 2923 293 2986 millia
308 2929 389 2991 ment,
406 2943 426 2986 a
441 2923 579 2986 Levante
593 2923 744 3010 siquidem
760 2931 791 2987 et
807 2925 953 2987 Ponente.
979 2922 1154 2987 Prarlictus
1173 2923 1257 2986 Oan-

69 3033 198 3100 cicioras
215 3031 327 3096 civitae
342 3039 389 3096 eet
403 3039 531 3118 portum
546 3031 679 3108 habam,
706 3032 831 3117 etfacit
844 3033 906 3097 eibi
920 3031 1145 3118 operimentum
1160 3053 1259 3118 usqne

72 3143 258 3208 Garbinum.
290 3141 317 3206 A
343 3143 518 3206 Candeloro
541 3142 585 3206 nd
606 3141 773 3206 acatium
793 3140 937 3207 Sancti
956 3139 1152 3225 noctae)
1178 3139 1264 3205 XXX

93 3301 120 3376 ¹)
142 3303 216 3357 Hunc
229 3307 341 3375 portum,
355 3303 450 3358 tahniis
463 3301 650 3374 geographicis
664 3302 796 3357 hodiernis
809 3303 880 3357 hand
893 3301 1062 3373 incognitum,
1075 3317 1107 3356 ex
1120 3299 1259 3356 occidente

143 3391 273 3447 Seicucire
287 3410 398 3462 quaeras.

95 3481 124 3556 ε)
145 3481 175 3556 ⁸)
195 3483 305 3537 Nomina
318 3484 392 3536 nohis
407 3483 547 3554 incognita.

93 3572 123 3648 ⁸)
143 3575 231 3629 Serihi
249 3575 362 3628 debehat
380 3574 604 3638 Stanimuros,
623 3575 716 3629 Graece
738 3573 762 3634 ’ς
774 3572 801 3626 τ’
820 3573 995 3646 Ἀνεμούριον.
1019 3573 1068 3628 Est
1084 3573 1260 3636 Anemurium,

143 3665 246 3720 ciliae
271 3665 441 3720 occidentalis
464 3665 672 3736 promuntorium
695 3663 805 3718 maxime
830 3663 1015 3726 meridioneie,
1050 3665 1140 3737 Cypro
1165 3664 1257 3719 insuite

142 3757 297 3830 proximum.
317 3757 365 3809 Adi
380 3757 548 3826 Forhigerurn
561 3756 578 3808 Ι.
592 3773 615 3810 c.
629 3773 656 3826 p.
671 3757 733 3810 275.

96 3849 124 3923 ⁵)
144 3849 270 3904 Veterum
282 3849 303 3906 G
314 3847 477 3902 elenderi.
496 3848 604 3902 Tabulse
618 3847 721 3902 novitiae
734 3846 919 3917 geographiam
936 3844 1004 3898 hunc
1017 3845 1101 3898 locum
1115 3845 1146 3897 ah
1160 3843 1262 3897 oriente

142 3941 278 3996 Anemurii
290 3943 406 4012 ponunt,
420 3939 490 4012 quod
504 3938 603 3994 Sannio
620 3942 761 4012 repugnat.
781 3939 820 3992 De
834 3937 971 3992 Celenderi
986 3936 1077 3990 center
1088 3935 1260 4008 Forbigerum

143 4033 162 4088 l.
178 4049 203 4086 c.
216 4051 243 4104 p.
256 4030 317 4086 279.
339 4031 413 4086 Adde
426 4031 515 4086 Leahii
529 4031 617 4086 Asiam
630 4031 756 4086 minorem
768 4047 830 4102 pag.
846 4029 897 4084 115
913 4046 955 4100 sq.

97 4121 125 4197 ⁸)
145 4124 233 4178 Locus
246 4121 405 4192 incognitus.

96 4216 125 4289 ⁷)
144 4216 166 4270 1.
180 4233 203 4269 e.
218 4213 430 4268 Antiochiam
450 4211 614 4276 Pisidiae,
635 4211 696 4265 coli.
708 4211 787 4266 Forh.
799 4210 816 4264 l.
830 4228 855 4266 c.
868 4228 893 4280 p.
907 4209 968 4265 326.

97 4307 125 4381 ⁸)
145 4310 174 4362 lu
187 4306 284 4360 tabulis
297 4304 473 4360 recentiorum
487 4301 671 4375 geographicis
685 4319 734 4357 uon
747 4303 884 4356 invenitur.

99 4397 127 4471 ⁹)
146 4399 233 4469 Prope
252 4397 375 4452 Sataiiam
390 4395 556 4467 (Attalium),
576 4411 608 4448 ex
627 4395 737 4450 oriente.
762 4395 801 4448 De
820 4396 870 4449 hac
889 4395 953 4448 urhe
966 4393 1014 4448 eir.
1028 4390 1263 4465 Chalcocondyiun

146 4509 173 4562 p.
186 4489 249 4544 244.
263 4487 325 4543 288.
339 4487 400 4542 377.
414 4487 455 4541 ed.
470 4487 550 4541 Bona.

87 4581 128 4654 ¹⁰)
148 4584 176 4636 iu
188 4579 287 4637 tabuiis
299 4579 475 4634 recentiorum
489 4576 673 4650 geographicis
685 4593 736 4630 non
750 4575 885 4630 invenitur.

1293 17 1552 292 ἡ
