3130 5082
470 369 578 428 Usorus
592 371 718 428 bsnnrvs
732 387 897 428 concussus.
1202 361 1277 433 139

175 541 274 612 Salvo
302 550 412 613 tarnen
437 540 526 634 quod
547 593 556 610 .
578 593 587 610 .
609 593 617 610 .
637 565 698 634 per
716 541 865 636 singulos
885 563 990 614 annos
1009 544 1041 612 in
1059 564 1173 614 mense
1191 541 1279 637 Sep·

12 705 14 724 2
87 666 204 737 tembri
233 668 382 740 debeatis
409 668 488 739 dare
517 673 634 739 nostro
663 669 886 752 monasterio,
915 677 950 740 et
974 669 1069 740 nobis
1088 667 1139 740 vel
1163 675 1280 739 nostro

88 793 186 864 misso
215 817 276 886 per
302 817 362 866 vos
389 802 446 866 aut
473 817 534 887 per
561 799 705 864 vestrum
730 795 876 878 missum,
906 800 978 866 tres
1003 795 1104 866 libras
1131 793 1194 865 olei
1219 816 1281 888 per

88 919 265 991 luminaria.

176 1047 222 1118 nt
240 1047 501 1140 quandocunque
520 1045 808 1137 pertransierimus
834 1069 894 1140 per
912 1051 1036 1116 terram
1061 1047 1191 1140 pretate
1210 1046 1281 1117 Ro-

90 1175 191 1259 disto,
219 1197 281 1248 nos
300 1176 351 1246 vei
369 1183 506 1246 nostros
526 1172 724 1258 monachos,
754 1182 954 1268 nostrosque
980 1197 1197 1248 successores
1222 1179 1279 1244 aut

12 1357 13 1360 ,
90 1326 202 1375 corum
221 1301 423 1386 monachos,
449 1300 607 1372 debemus
627 1299 750 1373 babere
768 1301 946 1396 hospitium
965 1273 1281 1394 etalbergationem

12 1425 13 1428 ’
90 1431 120 1500 in
139 1429 271 1523 prefata
290 1428 433 1500 ecclesie
451 1451 479 1498 s.
500 1427 621 1498 Mariae
641 1429 711 1498 sine
731 1438 842 1500 vestro
862 1425 1036 1521 expendio.

176 1559 314 1650 insuper
333 1561 440 1626 nutem
460 1555 692 1648 promittentes
711 1555 949 1648 promittimus,
974 1561 1011 1625 ut
1029 1553 1119 1624 nullo
1139 1575 1282 1646 unquam

12 1771 13 1786 χ
89 1689 258 1776 tempore,
283 1703 391 1775 neque
416 1703 475 1776 per
501 1679 631 1751 nosve!
656 1703 716 1773 per
736 1686 870 1750 nostros
889 1703 1124 1760 successores,
1151 1677 1202 1750 vel
1222 1703 1283 1774 per

12 1791 13 1800 ἵ
90 1807 224 1901 utiquam
252 1829 430 1901 personam
449 1829 468 1876 a
487 1805 582 1876 nobis
601 1803 813 1888 submissam,
840 1827 900 1875 vos
919 1805 969 1874 vel
989 1813 1120 1875 vestros
1140 1827 1280 1876 succes-

12 1931 13 2022 }
91 1958 182 2004 sores
202 1935 387 2029 inquietare
406 1933 457 2004 vel
477 1931 641 2025 expellere
661 1931 736 2001 inde
757 1931 948 2004 debeamus.
977 1933 1078 2002 Immo
1098 1955 1116 2002 a
1135 1931 1230 2002 nobis
1250 1938 1284 2002 et

12 2063 13 2144 ᾖ
91 2063 211 2132 nostris
230 2059 481 2132 successoribus
500 2081 632 2153 semper
651 2059 759 2132 securi
779 2065 813 2130 et
832 2059 932 2151 quieti
958 2058 1035 2130 inde
1053 2059 1283 2153 permaneatis,

92 2189 162 2281 quia
181 2189 259 2259 nibil
278 2187 354 2259 inde
373 2189 538 2270 remansit,
559 2185 647 2256 unde
666 2207 727 2256 vos
746 2186 882 2278 amplius
903 2188 1073 2280 requirere
1092 2185 1282 2256 debeamus.

14 3363 17 3436 t

91 2313 188 2385 Salvo
213 2321 324 2386 tamen
344 2313 421 2384 iilud
442 2313 530 2406 quod
549 2311 771 2405 supradictum
792 2319 856 2395 est,
885 2312 975 2405 quod
994 2314 1089 2383 nobis
1109 2319 1143 2382 et
1162 2313 1284 2383 nostris

90 2444 290 2513 monasterio
310 2440 501 2536 persolvere
520 2439 660 2510 debetis.

180 2568 277 2654 Quod
292 2569 318 2638 si
335 2590 532 2662 quoeunque
551 2573 703 2660 tempore
723 2571 839 2636 contra
860 2563 943 2635 hanc
963 2566 1191 2636 concessionis
1208 2588 1284 2635 car-

89 2701 151 2765 tam
171 2697 220 2766 ire
240 2695 519 2789 temptaverimus,
542 2692 590 2767 vel
611 2693 638 2762 si
654 2693 761 2762 omnia
781 2693 1004 2786 suprascripta
1024 2693 1116 2763 vobis
1135 2693 1284 2785 perfecte

92 2843 155 2890 non
170 2821 465 2903 observaverimus,
484 2825 563 2890 tunc
579 2819 754 2889 emendare
774 2817 950 2889 debeamus
970 2842 1043 2889 cum
1062 2819 1186 2890 nostris
1206 2842 1285 2889 suc-

92 2947 279 3017 cessoribus
298 2946 392 3017 vobis
412 2953 445 3016 et
465 2947 583 3015 vestris
603 2944 852 3014 successoribus
872 2945 941 3014 auri
960 2945 1060 3014 libras
1079 2945 1205 3016 decem.

180 3072 224 3142 Et
242 3072 326 3142 baec
352 3071 579 3142 concessionis
606 3075 638 3140 et
663 3070 889 3164 promissionis
916 3095 955 3142 ae
980 3071 1167 3142 securitatis
1194 3077 1286 3142 carta

94 3205 220 3268 maneat
238 3201 272 3268 in
292 3221 351 3269 sua
369 3199 534 3268 firmitate.

180 3397 256 3490 Ego
275 3397 364 3489 Ugo,
383 3397 506 3467 Reatae
525 3394 646 3466 Mariae
666 3389 897 3488 Adriauopolis
916 3393 1040 3476 Abbas,
1060 3417 1132 3464 mea
1152 3393 1287 3488 propria

14 3501 15 3520 ³
97 3524 208 3616 scripsi
229 3545 338 3594 manu.

15 4129 17 4152 t

15 4155 18 4172 1

16 4199 17 4210 r

16 4245 17 4256 r

16 4389 18 4404 Ι

16 4407 18 4420 i

183 3721 258 3814 Ego
279 3719 459 3791 Severinus
477 3719 573 3792 Prior
592 3742 666 3788 mm.
688 3741 733 3788 ss.

178 3919 208 4009 †
226 3919 365 4012 Signum
385 3916 514 3988 Wielmi
534 3915 697 3987 Monacbi.

257 4115 334 4210 Ego
365 4115 509 4186 ioannes
537 4113 685 4194 Teanus,
720 4111 835 4231 Presb.
866 4118 900 4182 et
933 4109 1024 4193 Not,
1059 4109 1218 4204 complevi
1256 4115 1291 4182 et

102 4241 260 4314 roboravi.
