3130 5082
278 363 353 435 168
643 375 773 430 Dounrro
788 375 854 430 Sea.
868 377 951 430 Zranr
964 393 1000 430 nn
1015 376 1101 432 Tmo.

273 567 378 638 usque
398 544 438 615 ad
459 543 594 615 eosdem
614 546 755 641 quinque
774 569 891 617 annos.
913 539 1038 618 Cuncta
1052 546 1095 616 illi
1111 546 1203 640 operi
1223 551 1258 617 et
1274 545 1334 616 tibi
1349 567 1472 637 supra-

272 671 398 764 scripto
418 669 586 764 Stephano
606 661 761 755 Barocio‚
781 675 988 766 procuratori
1009 672 1168 766 ejusdcm,
1199 672 1312 743 damus
1331 676 1366 741 et
1385 693 1471 740 con·

272 797 417 869 cedimus
437 799 478 869 ad
497 798 681 870 habendum
697 805 730 870 et
746 799 975 872 dominandum
989 807 1087 896 atque
1101 800 1282 894 regendum
1297 798 1339 870 ad
1358 798 1471 868 hono·

270 949 340 996 rem
368 927 473 996 sancti
502 925 603 996 llarci
630 932 663 997 ct
685 927 856 998 utilitatem
875 928 977 1021 ipsius
998 927 1108 1021 operis
1128 933 1227 1021 atque
1246 927 1287 998 ad
1306 925 1469 997 honorem

270 1057 419 1122 nostrum
434 1058 468 1122 et
481 1046 800 1145 totiuscomunis¹).
812 1054 955 1124 ..omnia
969 1053 1028 1124 tibi
1045 1053 1158 1124 damus
1172 1075 1276 1146 usque
1290 1052 1332 1122 ad
1347 1075 1470 1144 supra-

270 1179 412 1272 scriptos
439 1179 581 1272 quinque
609 1202 713 1250 annos
733 1179 918 1274 completos
944 1188 1022 1273 post
1046 1181 1220 1252 terminum
1242 1181 1470 1273 suprascripte

271 1305 511 1390 concessionis,
532 1307 678 1400 exceptis
696 1313 806 1378 tamen
824 1305 887 1391 his,
908 1331 970 1401 que
991 1330 1152 1378 concessa
1170 1307 1305 1378 luerunt
1323 1329 1341 1376 a
1362 1305 1469 1390 Duce,

270 1431 512 1525 predecessore
524 1438 652 1514 nostro,
673 1439 707 1504 et
720 1431 844 1526 populo
860 1432 1074 1504 Veneciarum
1089 1433 1316 1526 suprascripto
1334 1432 1466 1526 (oneri

270 1581 332 1652 per
351 1558 508 1630 cartulam
528 1560 773 1644 concessionis,
801 1561 953 1632 videlicet
971 1584 1068 1632 unam
1086 1583 1203 1654 rugam
1223 1583 1298 1630 cum
1317 1557 1469 1630 omnibus

269 1688 336 1758 suis
351 1689 574 1782 pertinenciis,
595 1711 658 1781 que
672 1711 758 1781 ruga
773 1695 839 1760 stat
857 1690 899 1760 ad
917 1690 1084 1760 introitum
1103 1695 1201 1784 porte
1215 1690 1309 1782 juxta
1322 1693 1469 1781 portum,

268 1812 459 1890 revolvente
488 1835 506 1882 a
535 1813 641 1884 latere
671 1813 804 1886 sinistro
835 1816 878 1885 ab
908 1839 994 1899 uno,
1023 1822 1058 1885 et
1082 1815 1145 1886 alio
1169 1814 1275 1886 latere
1299 1811 1470 1906 usquead

269 1961 387 2031 rugam
406 1940 510 2010 sancti
529 1939 630 2010 Marci
650 1947 684 2011 et
703 1965 806 2034 usque
825 1942 867 2012 ad
885 1948 1012 2036 partem
1031 1941 1145 2035 Regis,
1176 1947 1208 2011 et
1228 1941 1375 2034 exceptis
1393 1947 1468 2010 trc-

270 2067 375 2137 centis
394 2067 566 2151 Bizantiis,
588 2069 649 2162 'qui
668 2067 700 2136 in
719 2066 771 2138 illa
792 2069 1014 2151 continentur,
1037 2074 1070 2139 et
1089 2075 1227 2162 excepto
1247 2091 1313 2138 uno
1334 2068 1376 2138 de
1394 2091 1470 2139 me-

267 2193 405 2264 lioribus
433 2193 627 2265 molendinis
656 2199 689 2264 et
717 2193 846 2266 duobus
875 2195 1038 2268 casalibus
1064 2203 1097 2266 et
1122 2217 1188 2266 uno
1214 2195 1255 2266 de
1278 2194 1469 2267 melioribus

264 2319 417 2412 jardinis.
452 2320 525 2406 Quc
551 2320 658 2390 omnia
681 2322 759 2414 jure
790 2329 951 2415 perpetuo
978 2321 1099 2393 debent
1125 2345 1199 2392 esse
1223 2321 1328 2392 sancti
1352 2322 1469 2405 llarei,

270 2448 415 2540 exceptis
444 2447 543 2517 etiam
570 2447 636 2531 his,
671 2470 735 2540 que
763 2471 924 2520 concessa
952 2455 1028 2519 sunt
1057 2447 1260 2542 episcopatui
1292 2447 1399 2542 Equiti
1434 2455 1468 2519 et

267 2574 472 2666 episcopatui
488 2573 697 2655 Torcellnno,
718 2597 782 2668 que
801 2575 861 2667 ipsi
882 2575 1092 2668 episcopatus
1111 2573 1279 2668 perhorrui
1294 2573 1372 2666 jure
1391 2575 1465 2644 sine
1563 2629 1564 2632 ,

266 2699 428 2770 violencia
444 2699 566 2771 debent
579 2699 715 2771 habere.
736 2701 955 2772 concedimus
975 2707 1009 2772 ct
1029 2701 1142 2773 damus
1161 2699 1219 2770 tibi
1240 2705 1274 2769 ct
1291 2700 1354 2794 ipsi
1373 2701 1469 2794 operi

267 2848 379 2896 omnes
398 2826 545 2897 redditus
566 2827 607 2897 de
627 2834 726 2919 portu
746 2833 780 2898 et
799 2827 840 2898 de
859 2828 994 2898 introitu
1015 2834 1196 2922 portarum,
1215 2827 1410 2922 platearum,
1432 2835 1468 2899 et

268 2975 382 3025 omnes
401 2953 547 3024 redditus
567 2952 608 3024 de
627 2953 773 3037 ionticis,
793 2953 931 3037 balneis,
953 2954 1071 3036 furnis,
1096 2955 1242 3038 stateris,
1260 2953 1352 3024 rubis
1367 2961 1406 3054 'et
1425 2953 1468 3024 de

266 3081 427 3151 mensuris
447 3082 509 3152 vini
530 3087 564 3152 et
583 3081 645 3152 olei
656 3135 665 3165 ‚
693 3087 726 3151 et
744 3081 893 3152 redditus
913 3081 955 3152 de
974 3081 1180 3166 molendinis,
1202 3087 1235 3152 ct
1254 3083 1404 3153 dationes
1425 3082 1468 3153 de

267 3209 369 3291 vitro,
395 3215 429 3278 et
453 3209 622 3279 universas
643 3208 797 3278 daciones
818 3213 852 3279 et
870 3208 1038 3292 redditus,
1063 3215 1314 3304 quantocunque
1332 3217 1408 3280 sunt
1433 3217 1470 3282 et

268 3333 364 3405 nobis
383 3335 559 3428 pertinent.
595 3335 726 3417 Omnia,
756 3341 793 3404 ut
821 3334 972 3429 superius
1002 3335 1210 3419 dictumest,
1240 3335 1301 3428 ipsi
1320 3337 1414 3428 operi
1433 3342 1469 3406 et

265 3463 325 3532 tibi
352 3461 465 3532 damus
494 3467 527 3532 et
555 3461 768 3532 concedimus
797 3459 921 3532 habere
945 3468 978 3532 et
1002 3462 1178 3556 possidere
1203 3485 1308 3556 usque
1334 3463 1375 3533 ad
1397 3463 1468 3556 jam

268 3589 375 3660 dictos
403 3588 546 3682 quinque
570 3611 685 3659 annos.
722 3589 788 3659 Pro
809 3611 849 3659 eo
869 3589 996 3659 scilicet
1021 3587 1084 3660 hec
1110 3591 1215 3660 omnia
1240 3591 1469 3685 suprascripta

267 3715 330 3786 tibi
347 3721 380 3786 et
397 3715 623 3809 suprascripto
645 3714 737 3806 operi
764 3715 986 3799 concedimus,
1015 3717 1089 3806 quia
1114 3715 1154 3785 ab
1176 3715 1216 3807 (l.
1238 3716 1301 3808 cd)
1323 3716 1468 3788 subven-

268 3843 396 3912 cionem
415 3839 579 3911 hominum
600 3840 823 3925 veneciarum,
845 3841 898 3933 qui
919 3840 960 3910 de
979 3842 1168 3935 captivitate
1187 3844 1469 3936 Constantinopo-

267 3967 357 4038 litani
378 3967 588 4060 lmpcratoris
608 3989 682 4036 cum
701 3990 783 4037 nave
803 3967 937 4037 llomani
963 3968 1097 4037 Mairani
1116 3967 1203 4060 apud
1221 3967 1326 4038 Acres
1347 3969 1468 4039 consu-

268 4101 404 4188 gerant,
432 4095 474 4164 de
499 4094 640 4186 pecunia
664 4095 785 4187 prefati
809 4094 920 4186 operis
945 4094 1031 4164 beati
1060 4093 1161 4164 ldarci
1185 4093 1270 4164 mille
1296 4095 1468 4188 quingenti

267 4222 404 4292 Bizantii
424 4221 490 4291 dati
509 4221 666 4303 fuerunt3
697 4229 732 4290 et
757 4225 895 4315 propter
914 4221 1002 4314 quod
1021 4221 1183 4313 prelatum
1203 4243 1287 4316 opus
1307 4221 1468 4314 quasdam

267 4347 417 4418 raciones
443 4346 602 4418 adversus
628 4345 840 4440 comune(m)
860 4345 1076 4417 Veneciarum
1101 4346 1262 4431 habebat,
1282 4353 1316 4418 et
1342 4372 1405 4442 pro
1427 4371 1467 4420 eo

270 4493 595 4505 -n-—uu-u—

294 4571 322 4647 ¹)
342 4574 450 4638 lacuna;
470 4575 610 4646 suppleas:
631 4590 725 4644 quae.
