3130 5082
4 689 7 806 i

434 368 917 426 FornuaVrrrnro-ttoauaurunuu.
1194 347 1268 421 135

77 533 386 630 Arcbenbatdino¹J
410 539 674 620 constabulario,
701 537 842 630 Hugone
868 535 909 604 de
929 533 1069 613 Bolera,
1096 532 1269 604 Tancredo

76 658 272 753 uerene),
297 667 436 736 btartino
453 665 495 736 de
518 665 665 756 btargat,
697 667 810 736 Leone
829 651 1021 754 btaiopoti³)
1050 659 1154 741 Duce,
1182 659 1270 728 Mar·

78 783 185 880 aad)
205 789 326 876 Gatnn,
347 793 449 862 Petro
469 791 663 862 camerario.

166 919 245 1010 Ego
272 917 407 988 Gabriel
432 917 600 1002 Paulinus,
637 917 785 988 notarius
811 921 846 984 et
876 905 1101 984 ducatis'aule
1127 891 1270 980 Venecie

78 1043 307 1126 cancellarius,
334 1045 554 1115 auctenticum
573 1045 668 1114 buius
688 1042 825 1135 exempli
845 1041 953 1134 sigillo
973 1039 1126 1132 plumbeo
1146 1037 1272 1132 sigilla·

79 1176 145 1240 tum
165 1170 231 1240 uidi
252 1175 288 1240 et
305 1169 390 1263 legi,
418 1171 556 1242 etaient
574 1170 606 1240 in
625 1171 793 1240 autentico
813 1166 1064 1247 continebatur,
1092 1165 1136 1234 ita
1155 1164 1187 1232 in
1207 1166 1271 1234 isto

4 1327 6 1338 ³
80 1296 269 1368 continetur
289 1297 447 1390 exempto.
478 1296 623 1388 Ideoque
649 1317 724 1366 meo
751 1293 886 1388 proprio
906 1279 1003 1386 signo
1027 1292 1132 1384 ipsum
1152 1313 1272 1361 corro-

4 1409 5 1428 ’
79 1423 195 1493 borani
214 1423 256 1492 de
276 1423 430 1493 mandato
450 1423 571 1492 domini
588 1421 704 1493 Jacobi
717 1421 869 1514 Teupuli,
889 1418 989 1489 incliti
1003 1418 1103 1488 Ducis
1121 1417 1271 1498 Venetie,

4 1617 5 1620 ,
78 1557 235 1620 currente
255 1571 342 1619 anno
363 1548 483 1620 domini
502 1550 608 1618 nostri
627 1547 730 1618 Jbesu
751 1545 871 1616 Christi
891 1546 935 1616 Μο
950 1545 1173 1614 ducentesimo
1189 1567 1272 1636 qua-

4 1679 6 1728 ὲ
79 1675 267 1770 dragesimo
287 1683 394 1760 sexto,
415 1699 528 1746 menae
546 1673 635 1766 btaij,
654 1673 832 1745 indictione
846 1671 915 1754 1111,
936 1672 967 1740 io
986 1669 1115 1763 palacio
1135 1670 1273 1740 ducatus

4 1839 6 1902 ξ
79 1801 210 1872 vum.

635 1941 718 2014 LVI.

4 2071 6 2184 t
99 2067 215 2131 taedae
245 2065 612 2132 teneto-Namantcan
639 2069 719 2129 tator
750 2064 976 2130 tintltetnant
1008 2069 1038 2127 et
1069 2063 1251 2126 bontntcnnr
1300 2069 1305 2082 '

570 2174 784 2238 inuocem.

595 2297 626 2352 Α.
640 2296 667 2350 d.
680 2295 761 2350 aaut.

167 2409 304 2472 Andreae
329 2406 530 2471 Dandulua
556 2406 660 2470 ebron.
678 2427 707 2489 p.
725 2403 809 2470 286:
841 2406 919 2468 Duc
944 2401 1137 2490 [Dominicua
1155 2401 1275 2465 Mauro-

79 2534 165 2586 eeoo,
182 2516 236 2598 qui
251 2535 385 2596 regnare
401 2517 503 2598 coepit
519 2534 546 2576 a.
567 2511 669 2600 1148]
684 2521 810 2601 protea,
823 2513 919 2600 pocia
931 2512 1087 2596 fervidae,
1110 2532 1179 2576 eum
1197 2513 1274 2576 Gui-

78 2623 181 2688 ta'elmo
197 2645 275 2710 νᾶφε
292 2624 337 2687 od
348 2645 463 2710 pacem
475 2623 610 2693 deuenit,
627 2630 794 2709 terraeque
809 2623 988 2686 Venetorum
999 2642 1020 2683 a
1032 2620 1171 2706 Rayuaio
1187 2620 1275 2703 infra

78 2739 106 2794 et
122 2753 177 2795 eoa
191 2731 354 2806 similiter,
370 2732 517 2818 ecceptia
533 2731 610 2805 illio,
629 2752 705 2817 quoe
721 2729 755 2794 in
768 2733 913 2814 favorem
930 2727 1276 2815 Comtootioopolitooi

76 2839 288 2927 imperatorio
303 2839 477 2911 inueniret,
501 2859 629 2904 aee-rarae
651 2839 774 2910 reddit,
798 2845 829 2902 et
844 2835 1047 2902 inmunitates
1064 2835 1225 2921 plurimae
1241 2835 1276 2900 io

76 2968 132 3012 auo
146 2969 249 3035 refflro
266 2947 515 3035 oeyotintoribao
535 2947 654 3011 Venetia
670 2947 813 3010 induteit.

167 3053 629 3136 cenomannicam.
656 3054 774 3116 btarin
791 3053 828 3114 T.
845 3052 892 3123 nl,
908 3071 939 3135 p.
957 3051 1035 3114 202.
1063 3049 1107 3112 De
1124 3049 1274 3113 libertati·

78 3162 132 3228 bus
148 3163 279 3228 Venetia
295 3161 488 3228 aGuitietmo
503 3161 601 3246 primo
618 3162 775 3226 concessio
794 3160 826 3223 nt
842 3160 954 3224 mentio
972 3159 1003 3220 io
1020 3157 1180 3241 privilegio
1198 3158 1275 3221 Gui-

77 3269 170 3334 tietmi
192 3271 322 3336 secundi
343 3291 369 3334 a.
390 3271 476 3334 1175
501 3271 588 3334 huius
614 3268 806 3332 Collectionis
833 3287 896 3331 nro.
920 3265 1028 3330 LXVI:
1056 3267 1276 3342 ,concedimur

4 3431 6 3468 ᾗ
77 3387 110 3444 at
128 3380 286 3454 Venetici,
308 3379 469 3443 venientes
484 3378 519 3442 io
535 3398 666 3466 requam
687 3383 845 3448 nostrum,
869 3376 910 3439 de
924 3375 1058 3440 nooibua
1074 3383 1105 3439 et
1119 3377 1277 3440 marcidae

80 3509 197 3566 eorum,
222 3509 304 3574 qawa
325 3488 360 3551 in
383 3507 515 3572 requam
535 3486 716 3564 attulerant,
742 3487 794 3549 cel
809 3507 829 3548 a
844 3505 942 3570 reyno
958 3485 1211 3568 reportaverint,
1236 3485 1278 3548 de

78 3595 226 3672 icamia,
252 3617 333 3682 quaa
354 3593 547 3680 temporibuo
567 3593 688 3656 domini
709 3593 932 3679 yloriooiaaimi
951 3592 1037 3678 reyia
1053 3592 1198 3677 Royerid
1224 3593 1279 3656 uvi

80 3705 200 3780 nostri,
231 3711 272 3768 ct
299 3702 449 3767 domini
472 3700 901 3786 mannisicentiaaimi,
928 3699 1040 3786 reqia
1066 3699 1276 3771 Wittelmi,

79 3813 221 3896 patria
243 3811 380 3875 contri
400 3811 526 3876 occec
540 3809 749 3878 memorie,
770 3809 849 3872 dare
864 3808 953 3872 coditi
966 3807 1046 3879 aiut,
1070 3809 1181 3872 amodo
1197 3830 1279 3873 non-

4 3897 6 3928 d
80 3919 141 3983 aiei
165 3919 371 3984 medietatem
391 3923 514 3982 tautum
536 3916 612 3980 derit
632 3916 673 3982 de
694 3915 764 3992 boc,
792 3918 878 4003 quod
904 3916 1058 3983 bactoooa
1084 3917 1166 3982 dure
1191 3917 1281 3982 aotc‘ti

4 4021 6 4106 ἶ
81 4035 181 4092 tow.
219 4029 265 4092 De
291 4046 369 4088 anno
394 4025 483 4090 buius
507 4023 662 4108 privilegii
683 4023 730 4086 vix
754 4023 866 4104 ambigi
892 4029 1010 4108 potest:
1035 4045 1215 4089 concessum
1233 4031 1280 4088 est

4 4115 6 4222 ,
82 4119 1279 4219 enirn,postquamHadrianuslVimperatoremFrederiouminipsaurbeRoura

4 4227 6 4282 Ε
82 4247 298 4315 coronaverat,
322 4239 416 4325 idque
439 4241 550 4304 accidit
570 4260 597 4302 a.
622 4237 719 4302 1154.
750 4239 825 4303 Huic
847 4259 923 4302 anno
949 4245 1068 4324 pactum
1093 4239 1166 4304 iltud
1190 4242 1280 4304 etiam

104 4455 131 4527 ¹)
150 4454 489 4510 ,erchembaldurtn
733 4450 762 4524 ³)
783 4453 924 4524 ttiopoti
938 4455 988 4508 [Ρ.

103 4545 131 4620 ¹)
149 4546 337 4601 Freneltna
356 4545 407 4600 bP.
734 4539 762 4616 ⁴)
782 4543 942 4599 Martinus
956 4546 1005 4599 LP.
