3130 5082
211 1015 283 1182 s

308 299 382 372 146
497 309 697 378 ,Ριινιιιοιυκ
712 325 953 366 cosrrenanaonrs
967 311 1135 366 Anaxasnaa
1148 307 1183 364 lll
1195 325 1296 366 ransc.

479 503 592 550 omnes
608 481 703 550 etiam
717 487 837 564 terras,
853 505 932 576 quas
947 483 977 552 in
992 483 1265 563 ierosolimitana,
1273 480 1493 575 Tripolitana,

303 607 505 678 Antiocheno
521 613 554 678 et
564 606 712 700 Caypbas
727 608 911 681 ciuitatibus
924 610 995 680 Dur
1011 615 1044 680 et
1058 632 1196 680 comune
1203 609 1359 691 Venecie‚
1374 631 1393 678 a
1409 629 1494 700 rege

302 735 572 808 ierosolimorum
591 735 651 804 sibi
672 757 861 821 concessas,
881 737 1028 832 predicto
1048 737 1141 830 operi
1159 736 1247 806 beati
1267 735 1369 806 Marci
1389 733 1494 828 legit-

303 863 380 932 time
404 861 631 942 contulerunt‚
659 886 730 934 cum
758 865 904 935 omnibus
927 865 1133 959 pertinentijs
1159 870 1192 934 et
1217 861 1401 934 redditibus
1425 862 1495 931 suis

306 989 411 1060 eidem
439 990 529 1082 operi
557 992 754 1062 auctoritate
779 992 959 1084 apostolica
988 992 1233 1075 confirmemus,
1266 999 1301 1062 et
1326 988 1495 1082 presentis

307 1117 419 1210 scripti
447 1116 620 1212 priuilegio
650 1119 869 1190 comunimus:
898 1118 1169 1212 quemadmodum
1194 1119 1224 1190 ei
1252 1115 1495 1188 rationabiliter

307 1251 382 1316 suunt
413 1243 549 1328 collate,
582 1259 615 1316 et
643 1245 728 1318 sicut
755 1269 811 1316 eas
840 1247 871 1316 in
896 1248 1133 1338 presentiarum
1158 1247 1268 1338 quiete
1292 1267 1332 1316 ac
1356 1242 1498 1336 pacifice

306 1374 454 1443 noscitur
468 1372 651 1466 possidere,
671 1379 870 1466 statuentes„
885 1379 998 1445 uttam
1012 1375 1236 1466 prenominate
1249 1371 1496 1466 possessiones,

307 1500 392 1569 sicut
411 1498 560 1591 superius
581 1500 700 1570 dictum
720 1507 782 1584 est,
808 1523 902 1593 qnam
922 1500 1098 1582 olisbona,
1125 1501 1238 1593 quein
1254 1497 1496 1594 presentiarum

308 1625 350 1695 ad
376 1625 543 1696 utilitatem
572 1626 715 1696 eiusdem
748 1627 856 1720 operis
884 1627 1118 1699 rationabiliter
1147 1618 1346 1721 possides¹)‚
1377 1633 1435 1697 aut
1464 1625 1498 1694 in

308 1753 452 1822 futurum
466 1753 681 1824 concessione
696 1753 895 1848 pontificum,
914 1754 1088 1848 largitione
1100 1777 1216 1850 regum
1228 1755 1280 1825 uel
1300 1754 1499 1848 principum,

309 1879 475 1950 oblatione
494 1879 646 1964 fidelium,
669 1905 727 1952 seu
746 1880 817 1972 alijs
837 1882 928 1952 iustis
948 1881 1052 1952 modis
1071 1887 1239 1976 prestante
1252 1881 1384 1951 domino
1398 1887 1499 1973 pote·

309 1998 394 2098 ris²)
423 2003 573 2097 adipisci,
606 2007 694 2078 timna
725 2009 781 2079 tibi
813 2009 941 2102 tuisque
970 2007 1218 2080 successoribus
1247 2007 1288 2078 ad
1323 2005 1500 2078 utilitatem

308 2133 410 2226 ipsius
430 2133 539 2226 operis
560 2141 592 2204 et
611 2133 728 2206 illibata
747 2142 969 2230 permaneant.

403 2260 615 2331 Decernimns
627 2285 722 2354 ergo,
737 2269 773 2333 ut
782 2264 858 2334 nulli
866 2264 995 2334 omnino
1005 2263 1168 2336 hominum
1178 2261 1277 2333 liceat
1291 2253 1500 2356 prefactas⁸l

314 2387 471 2460 ecclesias
495 2393 619 2458 temere
646 2391 855 2482 perturbare,
883 2399 938 2462 aut
962 2414 1071 2461 earnm
1095 2389 1147 2462 uel
1168 2387 1248 2458 alias
1267 2390 1501 2482 possessiones

311 2515 414 2584 eidem
440 2515 531 2608 operi
559 2515 729 2609 deputatas
755 2519 913 2600 aufferre,
943 2521 994 2590 uel
1014 2517 1138 2588 ablatas
1157 2516 1313 2599 retinere,
1339 2517 1501 2598 minuere,

312 2665 370 2712 seu
396 2641 591 2734 quibuslibet
623 2645 847 2715 uexationibus
880 2647 1041 2740 latigare;
1080 2643 1141 2714 sed
1170 2645 1277 2714 omnia
1313 2643 1436 2714 illibata
1466 2649 1503 2713 et

310 2769 439 2862 integra
458 2776 706 2852 conseruentnr,
725 2772 910 2864 supradicte
930 2771 1070 2843 ecclesie
1087 2771 1190 2868 operi,
1215 2793 1276 2864 pro
1297 2770 1390 2840 cuius
1408 2770 1501 2842 utili-

310 2901 380 2964 tate
400 2919 558 2965 concessa
577 2905 663 2978 sunt,
684 2899 876 2969 omnimodis
894 2899 1077 2993 protutura,
1098 2897 1187 2970 salua
1207 2895 1296 2968 sedis
1316 2897 1502 2989 apostolice

312 3022 509 3092 auctoritate
529 3030 563 3093 et
582 3023 757 3095 diocesiani
778 3026 922 3119 episcopi
943 3027 1101 3096 canonica
1121 3025 1252 3095 iustitia.

403 3151 438 3220 Si
458 3172 521 3241 qna
540 3151 638 3244 igitur
662 3151 855 3222 infuturum
881 3151 1104 3222 ecclesiastica
1130 3149 1332 3222 secularisue
1355 3175 1503 3244 persona

312 3275 397 3346 hanc
422 3281 536 3346 nostre
561 3277 801 3348 constitutionis
825 3278 975 3372 paginam
1001 3277 1109 3349 sciens
1135 3284 1251 3349 contra
1278 3301 1349 3348 eam
1375 3285 1505 3350 manere

313 3403 427 3473 uenire
440 3403 661 3496 temptauerit,
682 3405 826 3474 secundo
845 3405 994 3474 tercioue
1014 3406 1225 3489 commonita,
1244 3405 1306 3474 nisi
1325 3429 1503 3500 presump-

312 3529 435 3598 tionem
461 3551 552 3598 suam
577 3552 724 3622 congrua
748 3533 950 3602 satisfatione
977 3533 1172 3613 correxerit,
1198 3533 1373 3626 potestatis
1392 3533 1506 3604 hono·

315 3654 425 3746 risque
439 3653 488 3722 sni
504 3653 662 3746 dignitate
677 3664 797 3740 carcat,
817 3681 970 3752 reamque
984 3683 1020 3729 se
1035 3659 1144 3730 diuino
1165 3651 1319 3752 iuditi0⁴)
1341 3659 1506 3732 exsistere

315 3777 356 3848 de
375 3785 563 3874 perpetrata
582 3783 746 3874 iniquitate
765 3792 959 3878 cognoscat,
980 3793 1015 3856 et
1028 3810 1047 3856 a
1061 3787 1283 3857 sacratissimo
1304 3810 1453 3880 corpore
1473 3793 1507 3858 ct

305 3907 475 4000 'sanguine
502 3905 552 3974 dei
572 3929 611 3976 ac
630 3907 749 3978 domini
775 3911 991 4005 redemptoris
1010 3915 1113 3984 nostri
1133 3914 1234 3984 ihesu
1256 3913 1378 3987 Christi
1399 3916 1507 3988 aliena

316 4033 383 4112 liat,
404 4039 502 4124 atque
520 4033 551 4100 in
571 4038 714 4104 extremo
734 4037 879 4107 examine
898 4037 1044 4108 districte
1063 4039 1233 4111 subiaceat
1251 4039 1379 4111 ultioni.

200 4421 203 4428 ’
343 4421 371 4493 ¹)
391 4421 568 4493 possident
587 4421 664 4476 Corn.
959 4423 986 4498 ⁸)
1006 4428 1061 4481 0111·
1075 4431 1152 4484 Corn·

343 4511 370 4584 ²)
389 4511 878 4584 potestarisbd.;poteritCorn.
960 4511 988 4589 ⁴)
1008 4517 1117 4572 divina
1132 4519 1381 4591 indignatione
1402 4523 1481 4580 Corn.
