3130 5082
288 321 362 392 162
465 327 586 380 Manusu
599 327 660 381 iun.
673 343 782 382 ananus
795 329 937 383 Venarum
952 345 1072 391 nnurrr,
1086 347 1142 384 unx
1154 347 1298 388 ιεπονκτ.

284 493 386 562 ἐπειδὴ
426 500 466 556 τὰ
505 499 619 555 τούτων
667 494 855 575 ἀτοπήματα
912 493 1050 578 bonaque
1088 517 1190 561 eurum
1222 498 1328 562 erario
1360 497 1487 582 pubiieo

283 603 458 690 ὑπέραντλοί
474 606 502 668 οί
513 601 663 670 ἐδέδοκτο,
680 605 855 687 γράμματα
911 605 988 668 tradi
1002 605 1159 668 deberent.
1177 607 1309 670 Instante
1326 607 1421 688 igitur
1437 607 1490 670 die

284 715 411 800 έροίτων
451 717 530 774 κατά
565 721 669 772 πᾶσαν
701 713 855 794 ἐπαρχίαν
913 715 1080 796 praestituto
1112 718 1317 800 unusquisque
1345 735 1488 800 cumpre-

286 823 479 905 Ῥωμαϊκήν.
517 825 570 891 τήν
602 831 662 882 τῶν
695 821 855 881 Βενετίκων
912 823 1024 886 hensus
1050 827 1113 894 est;
1138 823 1489 910 eorumquebunapar·

284 938 470 1017 κατάσχεσιν
502 931 687 990 ἐπιτείνοντα
724 934 773 989 καί
804 934 856 997 τήν
911 931 962 994 tim
980 931 1266 1016 tieeulmperatnrio
1286 932 1490 1018 undecunque

283 1047 400 1126 ἡμέραν
431 1038 690 1121 διασημαίνοντα,
719 1037 797 1100 καθ’
819 1041 856 1108 ἣν
912 1039 1039 1103 euiieeta
1076 1039 1299 1114 inserebantur,
1340 1045 1489 1106 maiorem

284 1149 342 1212 ἐδτι
355 1160 443 1211 τοῦτο
455 1147 604 1234 γενέσθαι
617 1153 666 1209 καί
683 1152 722 1210 τά
739 1147 856 1208 ἐκείνων
911 1167 984 1212 vero
1008 1155 1124 1232 partem
1146 1148 1293 1234 praesides
1309 1149 1488 1234 prouincia-

284 1259 426 1322 ἐσεῖσθαι
443 1256 576 1340 δημόσια
593 1261 755 1341 χρήματα.
797 1257 857 1318 Εν·
912 1277 978 1321 rum
1009 1257 1069 1320 sibi
1102 1257 1304 1323 vindicabant
1346 1259 1489 1323 Venetici

284 1373 402 1440 στάσης
419 1367 469 1429 οὖν
486 1377 542 1436 τῆς
558 1366 753 1450 προθεσμίας
771 1367 857 1436 ἀπας
912 1386 984 1430 vern
1002 1369 1031 1430 in
1049 1367 1125 1432 urbe
1141 1366 1314 1431 habitacula
1325 1366 1488 1440 habentes,

284 1453 858 1560 συνείληπτοκοιίτῶνχμημάτωνέκεί-

285 1605 347 1656 νοις
364 1589 403 1646 τά
421 1591 474 1667 μέν
489 1582 551 1665 εἶχε
567 1587 600 1643 τὸ
619 1579 773 1665 βασιλικὸν
790 1583 856 1652 3η-

288 1691 532 1780 σαυρορνλάκιον
546 1686 769 1776 ξυνενεχθέντα
783 1692 856 1756 ὁπό-

285 1805 354 1878 θεν,
372 1807 410 1864 τά
429 1801 519 1864 πλείω
537 1797 568 1862 δέ
586 1804 614 1862 οἰ
629 1809 857 1884 τοπαρχοῡντες

286 1908 492 1986 ἐξιδιώσαντο.
534 1910 574 1971 Οἱ
596 1907 628 1971 δέ
653 1912 684 1970 ἐν
708 1921 744 1990 τῇ
775 1907 856 1970 πόλει

285 2025 343 2092 τάς
357 2021 485 2090 οἰκήσεις
499 2021 622 2103 ἔχοντες
635 2019 790 2088 Βενέτικοι,
807 2021 857 2078 καί

285 2135 401 2192 τούτων
432 2127 568 2211 μάλιστα
601 2131 629 2188 st
660 2134 702 2208 μή
743 2129 857 2208 γάμοις

286 2239 469 2321 ὡμιληκότες
494 2235 630 2320 δρασμὸν
648 2232 855 2318 βουλεύονται.

286 2351 347 2410 Καὶ
364 2346 466 2418 ἐπειδή
489 2355 552 2416 τοῖς
575 2350 710 2429 νεωρίοις
731 2346 856 2428 ἐνώρμει

285 2469 342 2529 τῆς
355 2457 470 2526 πόλεως
483 2464 561 2526 ναῦς
573 2465 633 2515 τῶν
648 2452 857 2538 τριαρμενίων,

285 2567 323 2638 ής
341 2564 379 2636 δή
402 2561 689 2647 πολυχανδεστέραν
708 2565 726 2632 ἢ
744 2559 857 2642 μᾶλλον

287 2679 320 2736 το
334 2673 470 2757 μέγεθος
485 2677 729 2758 προρερεστέραν
740 2672 773 2730 οὔ
786 2689 858 2730 ποτε

287 2793 394 2868 καιροῦ
410 2780 610 2866 ναυλοχήσειν
629 2781 757 2864 ἐλέγετο,
780 2785 856 2842 ταύ-

286 2913 343 2963 της
355 2896 462 2962 ννκτὸς
476 2887 639 2973 ἐπιβάντες
651 2894 711 2960 τάς
721 2911 753 2949 τε
763 2889 859 2973 ἀγκύ-

287 3021 348 3086 ρας
365 3004 519 3081 ἀνίμησαν
543 3005 594 3060 καί
616 3003 656 3060 τά
679 2998 771 3084 λαίφη
796 3008 860 3068 τοῖς

288 3113 411 3192 ἀνέμοις
428 3106 670 3180 ἀιαπετοίσαντες
688 3109 857 3178 ἀπενόστη-

289 3239 358 3280 σαν.
390 3211 589 3291 Κατεδίωξαν
614 3223 668 3300 μὲν
691 3218 741 3279 οὖν
763 3220 859 3279 ὀπίσω

287 3333 401 3390 τούτων
414 3336 484 3398 νῆες
498 3329 647 3413 πυρφόροι
663 3331 711 3387 καί
728 3333 859 3411 τριήρεις

288 3434 443 3519 βασιλικαί
459 3435 582 3522 πλήρεις
600 3433 733 3520 ἀνδρῶν,
751 3436 779 3496 oi
789 3436 859 3505 τοὺς

286 3547 504 3628 ἑτεροστόμονς
548 3544 678 3616 πελέκεις
714 3547 762 3605 έπί
798 3555 859 3605 τῶν

289 3656 381 3737 ὤμων
396 3657 551 3738 ἀνέχουσι.
570 3655 631 3716 Καὶ
648 3661 859 3739 προοήγγισαν

286 3767 341 3845 μέν
354 3769 397 3842 τῷ
411 3761 514 3842 πλοίῳ,
529 3766 580 3825 οὐκ
598 3765 729 3848 ἴσχυσαν
748 3761 786 3832 δ’,
804 3763 858 3824 ὅτι

286 3878 337 3934 καί
354 3870 518 3958 δράσαιεν,
544 3876 593 3933 καί
616 3881 669 3937 τοῦ
686 3877 859 3954 πνεύματος

286 3985 340 4062 μέν
354 3985 407 4048 τήν
421 3990 481 4051 νήα
494 3983 677 4064 ἐπείγοντος,
691 3981 735 4052 ὡς
748 3983 859 4043 ίπτασ·

285 4089 347 4151 θαι
362 4087 466 4157 δοκεῖν,
481 4093 514 4151 ου’
527 4089 755 4159 ναυτίλλεσθαι.
769 4090 857 4150 ἀπει-

913 1479 944 1538 et
966 1475 1070 1538 herum
1088 1477 1215 1540 maxime
1232 1475 1366 1540 coelibes
1382 1476 1489 1560 fugam

913 1584 1109 1649 meditantur.
1131 1584 1266 1670 Cumque
1281 1587 1311 1648 in
1329 1583 1489 1650 navalibus

912 1695 995 1757 urbis
1013 1695 1096 1757 naris
1112 1714 1149 1774 ea
1166 1693 1408 1776 praegrandibus,
1426 1715 1486 1780 qua

912 1801 991 1866 nulla
1009 1823 1136 1887 unquam
1153 1803 1280 1887 amplior
1295 1804 1429 1866 maier-re
1445 1803 1489 1867 ibi

911 1918 1024 1976 morata
1042 1912 1210 1986 dicebatur,
1227 1913 1387 1976 stationem
1400 1933 1487 1976 suam

911 2021 1047 2094 haberet,
1072 2041 1108 2083 ea
1125 2027 1215 2086 ποσίν
1238 2041 1405 2086 conscensa
1431 2041 1488 2085 an·

912 2131 1053 2216 serisque
1065 2129 1202 2207 sublatis,
1214 2128 1282 2195 uela
1292 2131 1392 2196 ventis
1402 2149 1486 2194 num·

912 2241 1066 2303 mittentes
1096 2238 1243 2304 abierunt.
1281 2239 1364 2304 Hane
1393 2260 1487 2304 nares

912 2349 1034 2434 quidem
1051 2349 1191 2431 igniterae
1213 2356 1245 2413 et
1266 2350 1409 2414 triremes
1425 2348 1486 2412 lm-

912 2459 1074 2543 peratoriae
1091 2479 1107 2521 a
1124 2463 1212 2542 terge
1237 2458 1486 2542 insequebantur,

913 2565 986 2630 viris
1022 2569 1136 2653 piene,
1177 2587 1302 2632 secures
1336 2567 1488 2652 ancipites

914 2676 1047 2741 humeris
1058 2682 1181 2759 gestare
1194 2677 1302 2750 solitis,
1318 2697 1487 2762 navemque

915 2793 1075 2852 assecutae
1087 2792 1166 2859 eunt,
1179 2805 1277 2873 neque
1286 2790 1488 2866 tamenagere

914 2895 1046 2980 quidque
1075 2895 1230 2968 raiehant;
1266 2900 1374 2960 ventus
1407 2895 1486 2959 enirn

914 3025 1019 3068 narem
1064 3003 1258 3088 impellebat.
1303 3011 1337 3068 ut
1383 3003 1487 3068 velare

914 3113 1087 3185 rideretur.
1120 3135 1178 3177 nun
1202 3113 1364 3196 navigare;
1393 3112 1489 3176 maxi-

914 3233 1021 3308 meque
1057 3229 1182 3308 propter
1228 3222 1314 3288 navis
1352 3221 1486 3286 altitudi-

914 3349 982 3394 nem
998 3330 1087 3416 plaue
1110 3332 1260 3397 insolitam
1276 3335 1308 3395 et
1330 3335 1486 3396 rectorum

913 3440 994 3504 iilius
1036 3443 1234 3506 temeritatem
1274 3440 1486 3526 desperantes.

915 3549 991 3614 Tum
1028 3549 1123 3632 igitur
1157 3550 1254 3633 patria
1286 3549 1401 3614 Veneta
1433 3570 1487 3614 ens

915 3657 1052 3741 excepit,
1091 3677 1239 3744 prospere
1276 3679 1367 3724 eursu
1403 3678 1485 3724 usus.

914 3765 999 3830 Anne
1033 3787 1105 3832 vern
1142 3767 1323 3851 insequente
1355 3767 1487 3833 classem

914 3877 1099 3942 instruentes
1142 3873 1254 3942 insulae
1297 3881 1487 3953 invaserunt,

914 3983 1012 4069 adque
1028 3985 1181 4049 Euboeam
1202 3986 1320 4072 appulsi
1340 3987 1487 4073 Euripum

913 4091 1099 4158 obsederunt
1106 4115 1115 4166 ;
1141 4115 1269 4179 eumque
1284 4101 1402 4180 partem
1420 4098 1485 4181 ejus

285 4202 393 4268 stares
422 4195 453 4258 δὲ
481 4198 615 4280 μάλιστα
641 4203 718 4284 πρὸς
745 4202 777 4259 τὸ
803 4211 858 4269 τῆς
913 4222 1024 4285 capere
1046 4202 1202 4278 licuisset,
1226 4205 1326 4287 ignem
1349 4205 1487 4271 edificiis

285 4311 355 4377 νηάς
389 4306 468 4387 ὕψος
506 4307 648 4390 ἀτεχνῶς
685 4305 856 4392 ἀναβαῖνον
911 4310 1092 4392 injecerunt.
1110 4313 1189 4376 Vere
1201 4313 1398 4378 illucescente
1415 4315 1487 4379 inde

286 4417 386 4500 ἀέριον
409 4421 458 4475 καί
476 4419 508 4477 τὸ
526 4418 774 4498 ἀπονενοημένων
797 4429 856 4479 τῶν
913 4418 1033 4482 ancoris
1081 4419 1189 4486 solutis
1240 4420 1346 4486 Chium
1401 4425 1485 4488 insu·

286 4523 486 4606 ἐμπλεόντων.
535 4525 597 4586 Καὶ
636 4529 702 4586 τότε
742 4531 798 4608 μέν
837 4531 856 4599 ἡ
912 4527 969 4592 iam
1015 4529 1172 4612 appulere.
1215 4529 1279 4613 Qua
1314 4552 1348 4596 re
1384 4531 1486 4598 audita
