3148 5080
294 351 346 423 66
664 357 805 412 crunnum
820 357 829 410 l
843 329 923 413 Ηιιι.
938 355 1124 414 salvuntur«.

295 497 369 602 tuis,
386 533 418 591 et
433 547 454 590 a
468 545 518 589 me
532 545 573 590 av
587 523 666 588 mess
680 523 728 588 itu
744 544 834 588 omno
845 525 940 612 prius
951 523 1106 590 demedio
1118 525 1287 607 auferatur
1301 509 1491 607 ambipunm.

293 642 337 708 ut,
366 636 401 699 in
427 651 619 720 quocumque
645 651 722 697 casu
748 632 807 698 tibi
832 653 896 719 per
921 639 1138 698 antecessores
1162 639 1241 700 nuos,
1268 635 1300 693 et
1325 628 1409 693 mibi
1432 649 1492 715 per

293 765 378 809 meos
401 750 489 808 certa
512 739 768 827 comprobatione
789 741 912 806 iustitia
935 741 1054 826 fuerit,
1081 741 1166 804 aber
1189 738 1287 802 alteri
1309 739 1492 803 nullatenus
1571 785 1572 788 η

294 854 488 920 adversetur.

755 1043 757 1046 ·
843 1014 939 1086 XXX.

344 1160 530 1242 tristioris·
546 1157 665 1224 lenetls
681 1175 700 1222 s
715 1157 860 1223 lullslrs
876 1157 888 1220 Ι
905 1175 974 1236 rogo
989 1155 1256 1239 nvrvsslynltsns
1273 1175 1456 1224 museum.

740 1298 788 1358 Ἀ.
802 1296 828 1352 d.
843 1297 1031 1356 siut-uos.

386 1432 482 1516 Ipsius
499 1427 653 1515 privilegii
670 1427 749 1492 nulls
767 1425 886 1511 quidem
899 1430 981 1490 extst
998 1410 1155 1489 memoris:
1180 1429 1210 1488 st
1227 1445 1312 1490 nemo
1329 1425 1506 1500 dubitabit·
1567 1452 1572 1460 ·

297 1540 369 1627 quin
385 1539 493 1604 Veneti
515 1543 631 1601 temere
648 1558 664 1599 n
680 1533 840 1598 Pulaestins
866 1534 1070 1606 recesserint,
1093 1534 1247 1617 prioribus
1267 1532 1461 1600 libertatibus
1478 1557 1493 1598 s

297 1649 392 1734 primo
409 1667 484 1730 rege
500 1645 767 1728 Hierosolymituno
784 1663 843 1708 nou
858 1643 898 1706 itu
915 1641 1117 1714 confirmetis,
1141 1647 1173 1707 ut
1190 1641 1229 1706 ds
1246 1643 1412 1707 commodis
1430 1646 1494 1708 suis
1571 1691 1572 1694 ,

299 1755 374 1822 nihil
397 1757 475 1841 ipsis
499 1754 660 1818 timendum
678 1753 766 1817 toret.
798 1753 869 1817 Veri
888 1752 985 1816 simile
1002 1759 1065 1824 est,
1087 1751 1262 1816 Bvlduiuurn
1279 1771 1384 1836 regern
1403 1772 1493 1818 coro·

299 1871 398 1930 nutum
419 1865 491 1928 ilico
514 1864 667 1935 sanxisse,
692 1881 759 1946 quae
776 1867 861 1925 antee
878 1841 1002 1926 Venetis
1020 1881 1164 1925 concessu
1183 1867 1287 1924 essent
1312 1861 1387 1946 (etr.
1405 1861 1494 1925 huius

299 1973 494 2040 Collectionis
510 1971 563 2034 Nr.
581 1971 732 2056 xxv111);
758 1969 848 2055 idque
873 1969 1117 2054 comprobaveris
1142 1989 1178 2032 ex
1200 1971 1267 2034 icco
1296 1969 1426 2033 [banduli
1450 1969 1494 2034 ibi

300 2084 440 2165 allegato.
476 2081 577 2145 Possit
602 2086 700 2144 tamen
730 2085 760 2143 ei
779 2081 890 2152 statui,
921 2081 1051 2144 Venetos
1077 2081 1266 2143 succurrisse
1295 2079 1441 2145 Bnlduino
1464 2081 1494 2142 in

299 2191 456 2257 obsidione
467 2189 670 2261 Ptolemaidis,
689 2195 766 2252 stes
780 2188 855 2253 urbe
868 2193 956 2272 captu
968 2191 1109 2252 renovate
1127 2207 1198 2252 esse
1211 2191 1299 2272 pscts
1317 2187 1495 2272 Hierosoly·

299 2303 419 2366 mitens.
451 2301 496 2363 De
518 2319 553 2363 es
576 2318 610 2362 re
634 2297 831 2361 Dendulus
854 2295 873 2359 1.
892 2295 911 2359 Ι.
932 2317 961 2380 p.
980 2298 1062 2362 259:
1097 2298 1184 2363 lunc
1205 2299 1403 2375 balduinus,
1431 2317 1496 2361 rea

299 2411 516 2485 Hierusalem²
537 2407 779 2494 pereprinorum
803 2406 931 2471 adiutas
951 2405 1104 2494 prasidio
1120 2407 1223 2472 Arsur
1240 2457 1246 2470 .
1265 2457 1272 2470 .
1292 2456 1298 2468 .
1322 2407 1442 2472 devicit
1466 2413 1497 2470 et

303 2521 480 2585 Caesaream
501 2517 680 2582 Palestinae
704 2515 849 2580 obsideas
872 2517 997 2580 tandem
1020 2515 1138 2580 devicit
1159 2523 1190 2580 et
1213 2517 1355 2582 obtinuit.
1381 2517 1497 2580 Postea

301 2651 371 2696 cum
393 2627 567 2692 Saracenis
590 2625 738 2712 pluribus
761 2625 906 2712 peractis
932 2625 1023 2689 bellis
1043 2625 1170 2702 debon,
1201 2647 1269 2712 qua
1297 2625 1498 2690 Ptolemaida

302 2746 442 2808 vocatur,
468 2734 800 2801 circumvallavit...
824 2733 954 2815 Elapsis
977 2741 1081 2798 autem
1105 2735 1220 2822 vipinti
1240 2735 1349 2799 diebus
1373 2781 1378 2794 .
1400 2779 1434 2796 ..
1461 2757 1499 2799 ea

304 2845 484 2913 conditione
500 2843 572 2931 repi
586 2843 739 2929 oppidum
760 2843 900 2914 traduat.
917 2850 953 2907 ut
968 2843 1067 2908 salvis
1079 2843 1229 2930 personis
1245 2851 1275 2908 et
1289 2843 1383 2908 rebus
1400 2841 1500 2908 libere

303 2955 518 3020 abscederent.
544 2952 589 3014 De
610 2952 668 3015 huo
690 2949 884 3014 Ptolemaidis
908 2972 963 3035 pec
986 2951 1192 3016 leduinuusl
1214 2949 1499 3016 sussultans

305 3061 526 3146 expugnatione
546 3060 595 3124 ndi
611 3059 778 3124 Wilken.
805 3060 983 3141 Kreuzuitge
1006 3061 1042 3124 Τ.
1059 3061 1101 3134 11,
1126 3081 1156 3144 p.
1175 3061 1251 3124 296.
1283 3059 1377 3143 Quum
1404 3061 1499 3144 igitur

305 3191 354 3235 res
371 3173 400 3233 in
417 3169 557 3252 ambiguo
574 3170 623 3245 sit,
640 3188 698 3233 nec
713 3171 782 3232 unni
798 3170 895 3252 ipsius
914 3169 1001 3233 fixum
1020 3189 1170 3234 numerum
1188 3172 1392 3255 apposuimus.

846 3373 956 3446 xxxi.

327 3517 485 3596 teneruit,
521 3517 604 3596 regni
632 3515 804 3580 lubechun!
832 3517 1102 3596 sinintstrstsrts,
1138 3515 1326 3599 privilegium
1354 3515 1474 3580 teneus

813 3643 993 3691 concessum.

767 3747 797 3800 Α.
811 3745 836 3800 d.
851 3747 1040 3802 sicu-1112.

396 3876 441 3940 De
458 3877 517 3941 hoc
540 3875 698 3960 privilegio
721 3875 790 3940 vide
812 3875 1002 3960 privilegium
1021 3876 1187 3953 Raimundi,
1205 3875 1369 3940 Antiochise
1386 3879 1504 3961 princi·

306 3987 363 4070 pis,
381 4007 407 4049 s.
426 3986 454 4050 d.
476 3985 561 4050 1153
579 3983 704 4049 Venetis
720 4005 916 4059 concessum,
940 3985 991 4050 Nr.
1009 3985 1062 4049 LV
1080 3987 1167 4068 hujus
1186 3984 1397 4050 collectionis:
1422 4009 1505 4075 „epo

305 4096 485 4162 Rainoldus
502 4141 509 4156 .
529 4143 562 4158 ..
587 4095 799 4161 condonamus
815 4104 869 4161 et.
889 4143 896 4158 .
915 4145 923 4159 .
940 4097 1125 4162 dimittimus
1149 4095 1296 4161 Veneticis
1313 4141 1321 4157 .
1341 4142 1347 4156 .
1368 4143 1375 4157 .
1396 4117 1506 4162 onmes

305 4206 546 4272 consuetudines
554 4206 638 4276 illas.
646 4227 728 4292 quae
735 4206 926 4272 Arstioobcni
934 4205 1459 4294 prinoipesBoumundusprimus.
1470 4253 1507 4284 ..,

308 4315 494 4379 Toncrcdus
510 4314 575 4378 illis
592 4315 851 4380 corvdonavernnt
873 4323 905 4380 et
925 4315 1114 4381 auctoritate
1134 4315 1302 4402 privilepis'
1322 4315 1375 4378 sui
1389 4319 1506 4400 confir·

305 4430 502 4486 moseum.
535 4421 687 4487 'Pancredi
713 4445 761 4488 res
783 4423 925 4508 Syriacas
948 4423 1079 4488 illustret
1101 4423 1304 4488 Wilkenus
1327 4423 1356 4484 iu
1384 4423 1505 4487 Kreus-

308 4539 385 4614 sugc
402 4529 438 4592 Τ.
455 4530 478 4605 1,
495 4530 528 4603 ll,
545 4531 666 4614 passim.
