3130 5082
297 351 370 421 110
620 362 859 419 Osnrsounuurunr
873 361 1040 418 bunuorum
1054 365 1151 418 lurra.

381 533 424 605 Ut
441 511 526 604 enirn
551 534 719 629 predictus
737 534 847 608 Sicilie
866 534 1015 606 dominus
1033 536 1198 630 lingerius
1216 535 1346 621 didicit,
1377 539 1471 608 incu-

290 660 427 733 stoditas
459 661 533 732 lore
564 668 676 757 partes
706 663 835 756 lmperij
869 662 993 744 nostri,
1026 685 1088 756 que
1121 663 1232 735 circha
1262 663 1412 734 Greciam
1440 671 1473 735 et

291 788 518 882 Peloponisum
536 796 623 873 sunt,
644 796 678 861 et
695 789 817 861 insulas
836 797 1007 882 terrasque
1027 791 1153 884 Imperii
1172 791 1286 871 nostri,
1307 793 1472 883 quocirca

293 917 424 987 easdem
451 924 558 988 terras
580 923 672 998 sunt,
696 915 772 986 dum
791 916 971 988 sublimitas
990 925 1102 990 nostra
1119 922 1254 988 uacaret
1271 917 1474 1010 susceptioni

292 1051 326 1116 et
344 1044 476 1117 ducatui
504 1066 634 1126 camur,
663 1067 726 1136 que
750 1043 848 1138 paulo
874 1049 951 1128 aute
973 1063 1038 1138 per
1064 1051 1186 1116 terram
1210 1045 1340 1138 lmperij
1367 1045 1472 1116 nostri

292 1172 505 1255 transierunt,
531 1169 808 1242 innumerabilium
827 1170 1086 1266 expeditionum,
1106 1171 1359 1244 Alemanuorum
1379 1173 1475 1244 uide-

293 1297 371 1370 licet
402 1304 437 1370 et
469 1297 709 1382 Fraucborum,
751 1305 785 1368 et
816 1298 993 1393 parandum
1025 1321 1097 1370 cum
1129 1299 1208 1394 ipsis
1235 1305 1325 1370 esset
1357 1306 1476 1371 contra

291 1425 407 1518 impios
426 1425 600 1520 Agarenos
619 1425 659 1496 ad
678 1427 921 1521 expedicionem
947 1425 1128 1496 laciendum
1154 1451 1214 1520 per
1231 1425 1321 1519 stolij
1341 1427 1474 1499 missio-

291 1572 377 1636 nem,
397 1553 556 1646 ejusmodi
576 1555 745 1646 regionem
765 1553 964 1623 celsitudinis
984 1559 1109 1636 nostre,
1135 1553 1314 1624 secundum
1333 1553 1424 1646 quod
1445 1554 1475 1624 ei

290 1679 445 1774 possibile
464 1681 541 1763 luit,
572 1679 789 1774 depopulatus
809 1687 877 1760 est3
899 1701 1053 1772 cumque,
1083 1679 1170 1772 quod
1189 1680 1311 1752 iactum
1331 1687 1401 1764 eat,
1431 1681 1475 1751 ad

289 1806 509 1901 predictorum
529 1805 759 1878 Veneticorum
785 1831 881 1908 autres
907 1806 1129 1900 pervenisset,
1156 1807 1200 1898 bij
1229 1809 1292 1878 hoc
1318 1815 1475 1901 tauquam

289 1934 455 2028 proprium
474 1935 647 2028 dampnum
672 1939 924 2028 reputaverunt,
952 1940 986 2003 et
1011 1933 1184 2006 confestim
1209 1934 1250 2006 ad
1279 1942 1475 2030 apparatum

290 2062 502 2154 cooperandi,
523 2069 559 2134 ut
576 2062 621 2144 id,
641 2061 728 2154 quod
746 2061 866 2132 lactum
888 2071 949 2143 esa
971 2061 1152 2132 omnimode
1172 2061 1368 2146 uindicetur,
1388 2085 1476 2134 con-

290 2195 514 2272 surrexerunt,
552 2196 587 2260 et
618 2211 710 2260 suum
747 2189 913 2259 servitium
949 2195 1102 2281 prompte
1139 2188 1322 2260 celsitudini
1359 2195 1477 2261 nostre

289 2315 549 2408 spoponderunt.
571 2317 676 2388 Porro
688 2323 721 2386 et
735 2317 768 2386 iu
778 2316 919 2408 reliquas
929 2315 1085 2407 regiones
1095 2315 1224 2410 lmpcrij
1243 2317 1347 2388 nostri
1366 2323 1481 2388 baus-

289 2442 456 2526 miserunt,
468 2451 637 2536 quatenus,
650 2445 702 2537 qui
718 2443 940 2514 invenirentur
950 2441 1164 2534 compatriote
1174 2465 1300 2527 eorum,
1311 2445 1477 2530 uenirent,

291 2575 324 2639 et
343 2569 507 2642 seruirent
526 2577 560 2640 et
578 2571 638 2668 ipsi
658 2572 689 2640 in
708 2569 865 2640 eiusmodi
885 2569 1039 2640 Romanie
1060 2573 1094 2638 et
1113 2569 1241 2662 lmperij
1269 2569 1372 2642 nostri
1399 2594 1479 2641 ser-

289 2696 368 2767 uitio
389 2720 492 2791 usque
513 2699 553 2768 ad
577 2697 848 2791 complementum
874 2695 980 2764 tocius
1006 2695 1125 2766 mensis
1144 2694 1347 2788 Septembris
1373 2697 1479 2767 futuri

290 2846 363 2894 curn
382 2824 445 2896 deo
464 2823 648 2896 indictionis
666 2822 869 2894 duodecime.

381 2951 431 3022 nd
450 2951 744 3022 remunerationem
765 2950 865 3044 igitur
883 2948 1065 3020 huiusmodi
1088 2971 1201 3018 corum
1216 2949 1354 3042 servitij,
1375 2949 1478 3042 quod,

290 3086 327 3148 ut
354 3077 474 3150 dictum
503 3087 566 3162 est,
595 3079 831 3172 promiserunt,
859 3077 1010 3169 quoniam
1038 3078 1204 3170 petierunt
1231 3077 1375 3170 majores
1402 3077 1477 3147 vice

290 3206 454 3290 uniuerso,
475 3231 537 3300 que
556 3229 616 3300 per
634 3213 785 3300 tempora
802 3203 867 3273 huc
881 3203 983 3286 uenit,
1003 3203 1233 3274 Veneticorum
1248 3201 1477 3288 multitudiuis,

290 3333 446 3428 adaugeri
484 3333 543 3404 sibi
579 3339 613 3404 et
644 3334 827 3402 mansiones
853 3341 886 3403 et
911 3331 1071 3402 embolum
1099 3337 1133 3401 et
1157 3331 1281 3414 scalas,
1306 3329 1478 3422 inquibus

291 3482 393 3532 nauca
419 3483 532 3532 eorum
562 3462 594 3530 in
622 3465 720 3554 portu
749 3465 853 3542 stant,
884 3459 1120 3543 certificantes,
1149 3483 1185 3529 se
1215 3481 1280 3528 uon
1309 3455 1499 3558 modicum¹

291 3589 483 3682 auguratiari,
509 3596 543 3659 et
563 3588 651 3682 quod
678 3609 743 3658 non
772 3589 900 3680 possint
923 3587 985 3680 hijs
1010 3585 1099 3670 solis,
1128 3609 1191 3679 que
1210 3586 1288 3680 ipsis
1304 3583 1381 3656 data
1395 3593 1476 3660 suut

290 3713 424 3786 abente
444 3715 598 3786 memorie
618 3717 821 3808 imperatore
842 3721 958 3784 atauo
978 3713 1105 3806 lmperij
1127 3713 1230 3784 nostri
1256 3713 1289 3782 in
1308 3710 1371 3783 bac
1390 3713 1476 3784 ciui-

289 3848 392 3913 tatum
411 3843 620 3935 lmperatrice
639 3841 787 3912 contenti
806 3865 891 3925 esse,
910 3839 1049 3934 largitur
1068 3841 1115 3910 eis
1134 3839 1307 3934 lmperium
1327 3845 1478 3910 nostrum

289 3993 350 4063 per
374 3991 511 4064 presens
536 3968 767 4063 chrysobulum
793 3992 905 4052 suum,
932 3989 995 4064 que
1022 3969 1207 4060 petierunt,
1234 3965 1421 4054 habitacula
1440 3973 1477 4038 et

291 4095 394 4166 libera
422 4095 492 4166 loca
522 4103 556 4167 et
581 4095 743 4168 litoralem
771 4095 908 4180 scalam,
938 4119 1001 4188 que
1027 4117 1183 4188 expresse
1212 4094 1413 4166 numeranda
1443 4101 1479 4165 et

292 4222 464 4295 scribenda
481 4229 558 4294 sunt
576 4224 607 4293 in
627 4247 680 4306 co,
700 4221 787 4316 quod
805 4224 926 4293 iussum
946 4230 997 4293 est
1015 4223 1097 4306 fieri,
1123 4220 1270 4315 practico
1290 4219 1478 4292 traditionis

292 4373 406 4421 eorum
421 4351 615 4451 corporalis,
631 4349 671 4422 ab
687 4349 922 4421 aedesimotato
937 4349 1117 4443 Epiphanio
1133 4348 1282 4443 Tuglica,
1299 4349 1478 4420 certificari

292 4479 433 4550 debente
447 4501 507 4572 per
521 4478 794 4570 subscriptionem
812 4477 975 4548 familiaris
994 4476 1131 4546 hominis
1145 4475 1345 4546 celsitudinis
1360 4481 1479 4547 nostre

291 4604 448 4676 lobannis
467 4605 699 4702 Pepagomeni‚
720 4611 754 4675 et
773 4606 874 4676 sterni
895 4605 926 4674 in
947 4603 1103 4697 congruis
1122 4603 1279 4688 secretis,
1306 4605 1337 4673 in
1358 4603 1477 4696 quibus
