3130 5082
320 347 394 420 132
569 357 715 414 Snnrunru
730 357 855 414 Canauna
870 375 1007 414 runrrro
1021 375 1196 416 euronotum
1209 359 1255 415 Or.

314 551 485 600 remanere
510 529 542 598 in
567 531 660 600 robis
685 535 720 601 et
746 530 997 602 successoribus
1025 531 1142 602 uestris
1168 531 1240 602 sine
1259 530 1348 601 omni
1368 535 1497 600 contra·

314 655 470 727 dictione.
1562 635 1563 644 ἵ

403 783 542 876 Insuper
566 785 674 850 autem
705 803 770 874 ego
800 781 906 854 debeo
933 789 967 852 te
993 781 1069 854 inde
1096 781 1274 854 defensare
1299 806 1318 854 a
1348 781 1445 852 modo
1471 783 1499 850 in
1561 803 1563 862 ᾗ

213 932 219 940 ·
312 915 410 978 antea
438 931 543 1000 usque
568 907 609 978 ad
635 908 779 1002 quinque
804 930 909 978 annos
929 908 1113 1000 completos
1132 909 1174 980 ab
1194 908 1345 980 omnibus
1364 908 1498 978 bomini·
1561 937 1562 966 2

312 1035 393 1118 bus,
419 1035 476 1106 tibi
496 1035 537 1104 de
556 1036 625 1127 ipsa
644 1033 793 1126 predicta
813 1040 903 1104 terra
923 1055 997 1104 cum
1017 1035 1166 1106 omnibus
1189 1035 1258 1106 suis
1284 1033 1500 1104 mansionibus
1561 1099 1562 1138 3

312 1167 346 1232 et
366 1159 501 1230 edificiis
519 1158 799 1254 proclamantibus
818 1166 853 1230 et
872 1159 1155 1244 calumniantibus,
1176 1160 1227 1231 rel
1245 1165 1279 1230 te
1298 1159 1375 1232 inde
1395 1158 1501 1252 erpei-

309 1287 379 1358 lere
398 1285 592 1370 volentibus,
618 1309 657 1356 ex
675 1293 770 1378 parte
789 1283 840 1354 uel
860 1309 899 1356 ex
917 1291 1004 1370 toto,
1030 1296 1169 1380 propter
1187 1285 1372 1357 uiolentiam
1391 1285 1499 1380 populi

311 1420 345 1484 et
363 1414 525 1494 senioris;
552 1419 586 1483 et
604 1410 682 1482 nihil
701 1411 776 1484 inde
793 1412 963 1494 remansit,
990 1411 1080 1504 quod
1098 1435 1158 1484 uos
1177 1411 1314 1505 amplius
1333 1412 1501 1504 requirere

309 1539 497 1610 debeamus.
528 1538 624 1624 Quod
643 1537 670 1607 si
691 1559 886 1630 quocunque
913 1541 1062 1630 tempore
1081 1537 1123 1608 de
1142 1539 1377 1631 suprascriptis
1398 1537 1501 1608 omni·

308 1665 370 1734 bus
389 1663 538 1758 capitulis
559 1663 677 1756 aliquid
696 1665 865 1756 requirere
884 1669 1103 1756 temptavero,
1124 1671 1158 1735 et
1170 1671 1205 1734 te
1220 1663 1262 1734 de
1278 1665 1502 1756 suprascripta

306 1797 397 1860 terra
416 1797 450 1858 et
470 1791 620 1862 omnibus
640 1791 708 1860 suis
728 1789 950 1861 mansionibus
971 1797 1005 1860 et
1024 1788 1171 1872 edificiis,
1192 1790 1350 1882 quantiam
1368 1789 1412 1860 ad
1431 1811 1500 1859 eam

306 1917 463 2010 pertinet,
483 1916 625 1988 abintus
642 1917 783 2000 ettonis,
802 1937 931 1988 sursum
946 1922 982 1986 et
995 1916 1162 1999 deorsum,
1182 1917 1214 1985 in
1229 1920 1371 2009 utroque
1387 1915 1501 1986 ordine

306 2043 480 2112 defensare
500 2042 651 2125 noluero,
671 2043 722 2112 vel
741 2065 807 2114 non
825 2049 968 2136 potuero
989 2041 1030 2112 ab
1050 2041 1200 2112 omnibus
1220 2041 1418 2126 hominibus,
1444 2042 1500 2112 tibi

306 2169 382 2240 inde
400 2168 693 2261 calumpniantibus
712 2175 769 2238 aut
787 2174 822 2238 te
842 2169 917 2238 inde
936 2169 1101 2262 expellere
1120 2167 1321 2249 uolentibus,
1348 2192 1389 2240 ex
1407 2174 1501 2261 parte

306 2295 358 2365 uel
374 2301 509 2379 ertoto,
527 2301 665 2388 propter
679 2293 863 2364 violentiam
874 2293 985 2388 populi
1000 2301 1035 2364 et
1046 2295 1200 2376 senioris,
1217 2300 1274 2366 aut
1285 2301 1405 2364 onoma
1418 2294 1502 2364 banc

307 2422 541 2502 oartuiamire
565 2426 789 2512 temptavero,
816 2426 895 2490 tunc
923 2425 1030 2491 totum
1058 2421 1316 2512 suprascriptum
1340 2419 1501 2512 precium,

308 2548 414 2640 capud
435 2554 469 2618 et
488 2547 638 2640 duplum,
668 2567 741 2615 cum
761 2547 841 2616 meis
860 2545 1039 2618 heredibus
1059 2553 1093 2618 et
1111 2546 1365 2618 successoribus
1390 2548 1504 2617 tibist

306 2675 373 2744 tuis
392 2673 644 2744 successoribus
663 2673 694 2741 in
715 2671 815 2764 duplo
835 2673 1016 2743 restituere
1035 2672 1191 2755 debeam,
1217 2678 1251 2742 et
1277 2674 1414 2766 insuper
1434 2672 1503 2743 auri

305 2799 406 2870 libras
432 2799 573 2890 quinque
598 2797 692 2867 uobis
721 2797 897 2868 emendare
925 2798 1157 2890 promittimus,
1186 2797 1347 2892 simulque
1371 2821 1502 2877 omnem

305 2925 576 3008 meliorationem,
598 2946 661 3016 que
680 2924 713 2992 in
733 2921 849 2994 eadem
867 2930 958 2996 terra
977 2931 1012 2995 et
1031 2925 1254 2996 mansionibus
1273 2927 1362 2996 facta
1381 2926 1501 3004 suerin

305 3058 340 3122 et
358 3057 436 3144 post
449 3051 593 3121 solutum
603 3051 796 3144 prostimum
817 3056 948 3122 maneat
966 3051 1029 3122 bec
1048 3052 1234 3124 securitatis
1247 3057 1282 3122 et
1295 3051 1501 3124 defensionis

303 3178 431 3249 cartula
448 3178 480 3246 in
499 3200 559 3247 sua
577 3143 743 3247 firmitate.

395 3304 532 3396 Signum
548 3303 762 3396 suprascripti
775 3301 934 3396 Stephani
950 3301 1098 3396 Capello,
1119 3305 1173 3396 qui
1191 3303 1254 3376 bec
1267 3305 1402 3397 rogarit
1414 3306 1499 3376 tieri.

395 3429 469 3522 Ego
490 3429 589 3499 Petro
608 3431 807 3500 Mauroceno
828 3434 868 3499 tt
888 3451 934 3498 ss.

389 3555 464 3648 Ego
484 3554 608 3625 Craton
627 3554 777 3625 Dandulo
797 3561 837 3626 tt.
858 3579 904 3626 ss.

393 3683 467 3774 Ego
487 3681 679 3752 Dominicus
699 3733 708 3750 .
731 3731 739 3750 .
761 3733 770 3750 .
790 3687 830 3752 tt.
851 3704 896 3750 ss.

393 3807 468 3901 Ego
493 3808 654 3877 Henrious
673 3806 891 3890 Vallaressus,
919 3807 1034 3878 Presb.
1057 3814 1090 3878 et
1115 3807 1207 3890 Not,
1233 3807 1325 3880 Pleb.
1345 3808 1383 3880 S.
1405 3811 1500 3905 Aky-

301 3934 389 4018 dani,
410 3931 569 4026 complevi
589 3940 624 4004 et
642 3933 806 4004 roboravi.

391 4061 466 4152 Ego
482 4059 599 4129 Petrus
609 4059 762 4150 Beligno,
776 4060 863 4129 sicut
878 4059 940 4128 vidi
956 4060 987 4128 in
1002 4065 1118 4144 matre,
1134 4060 1179 4129 ita
1193 4061 1356 4132 testificor
1366 4063 1405 4132 in
1420 4063 1499 4134 fitia.

390 4187 465 4280 Ego
494 4187 641 4256 Joannes
668 4185 801 4269 Laudo,
835 4187 922 4257 sicut
948 4187 1013 4255 vidi
1043 4187 1076 4254 in
1105 4193 1227 4270 matre,
1261 4188 1306 4258 ita
1330 4189 1501 4260 testificor

300 4315 332 4383 in
357 4312 432 4383 filio.

391 4441 464 4534 Ego
480 4437 517 4509 P.
533 4437 747 4531 Nauigarolo,
767 4436 853 4507 sicut
868 4437 930 4508 vidi
943 4437 977 4506 in
992 4443 1109 4523 matre,
1129 4439 1174 4508 ita
1189 4438 1355 4510 testificor
1367 4439 1403 4510 in
1417 4439 1498 4512 iilia.
