3110 5076
398 376 490 430 lnrroc.
505 375 537 429 lll
552 391 641 428 arrsr.
657 391 693 428 nu
707 377 793 428 rtnsx.
807 375 841 428 lll
854 377 914 430 lrrr.
928 374 973 430 Cr.
1196 363 1271 436 245

88 547 249 639 namur),
273 547 361 642 quod
380 555 514 619 nostrae
531 547 712 619 sanctitatis
732 552 799 631 est,
827 547 1005 618 secundum
1034 547 1271 641 praecedentes

3 661 4 672 ¹
87 674 265 768 synodales
279 677 487 768 operationes
506 699 567 771 pro
586 677 750 769 requisitis
765 675 972 768 dogmatibus
987 675 1175 769 synodalem
1191 697 1274 746 con-

86 805 274 874 ventionem
300 803 369 874 lieri
399 803 602 898 dispensare;
640 811 674 875 et
702 807 814 874 nostra
842 803 889 874 sic
916 805 1088 874 sanctitate
1116 804 1269 887 faciente,

86 933 302 1014 sanctissima,
322 955 404 1026 quae
424 931 509 1026 apud
527 938 665 1017 maest,
685 931 824 1002 ecclesia
844 953 910 1002 non
929 931 970 1002 ad
990 938 1183 1002 conventum
1201 939 1273 1002 tar-

87 1057 188 1130 dabit
209 1058 304 1130 Licet
318 1065 425 1130 autern
438 1059 618 1154 apostolica
637 1059 735 1130 sedes
753 1083 819 1130 non
838 1065 904 1130 tarn
923 1059 1156 1130 constitutione
1171 1079 1272 1151 syno-

86 1185 178 1268 dica,
210 1209 305 1280 qnam
332 1187 438 1259 diuina
467 1193 623 1282 caputet
646 1195 749 1260 mater
767 1188 906 1258 omnium
926 1186 1136 1258 ecclesiarum
1156 1187 1273 1258 existat

85 1314 194 1406 (sieut
233 1337 272 1385 ex
307 1322 425 1387 tenore
461 1315 662 1398 litterarum,
700 1339 780 1410 quas
817 1315 993 1387 venerabili
1030 1315 1122 1386 fratri
1156 1321 1271 1386 nostro

2 1473 3 1478 ¹
82 1441 297 1513 Patriarcbae
310 1443 673 1538 Constantinopolitano
689 1442 870 1536 dirigimus,
891 1449 925 1514 et
938 1465 1072 1536 quarum
1094 1442 1150 1512 tibi
1170 1441 1272 1514 desti·

83 1591 199 1639 namus
234 1569 411 1664 exemplar,
443 1570 626 1641 celsitudini
658 1578 733 1642 tuae
765 1555 890 1665 plenius
922 1571 1044 1664 poterit
1076 1569 1267 1664 apparere),

2 1703 3 1708 ’
83 1694 228 1790 ideoque
250 1696 439 1768 Patrinrcha
463 1697 649 1792 praedictus
673 1719 736 1768 nec
758 1719 819 1791 pro
840 1697 1029 1791 disparitate
1048 1697 1185 1782 rituum,
1210 1719 1271 1768 nec

1 1867 3 1888 1
85 1823 278 1916 dogmatum
305 1823 491 1896 diversitate
510 1823 642 1898 dillerre
662 1825 828 1910 debuerit,
858 1827 932 1922 quin
959 1825 1072 1909 nobis,
1101 1825 1187 1896 sicut
1210 1847 1270 1896 suo

84 1951 202 2047 capiti,
232 1952 410 2024 secundum
438 1955 602 2050 antiquum
628 1961 661 2026 et
685 1956 875 2026 canonicum
901 1961 1023 2026 sutum
1048 1953 1218 2046 benignius
1238 1959 1272 2026 et

1 2117 2 2176 3
85 2079 239 2151 denotius
264 2079 429 2165 obediret,
456 2105 529 2152 cum
554 2089 644 2152 certa
663 2103 727 2152 non
747 2083 812 2152 sint
829 2103 891 2176 pro
912 2081 1016 2152 dubiis
1035 2079 1267 2174 relinquenda;

1 2179 2 2210 l
84 2229 146 2277 uos
172 2212 280 2278 tannen
305 2231 364 2302 pro
391 2209 496 2282 multis
519 2209 768 2281 necessitatibus
794 2210 1027 2282 ecclesiasticis
1052 2209 1269 2303 disposuimus

84 2343 223 2406 auctore
250 2335 389 2408 Domino
423 2339 577 2430 generale
605 2361 791 2408 conuocare
819 2337 989 2408 consilium
1017 2343 1052 2408 et
1079 2337 1269 2430 synodalem

84 2462 256 2534 celebrare
282 2471 490 2535 conuentum.
519 2465 570 2536 Ad
587 2487 682 2560 quem
702 2466 729 2534 si
749 2471 883 2536 uocatus
908 2464 1039 2534 anobis
1063 2465 1156 2556 juxta
1180 2469 1268 2534 tuam

84 2593 334 2686 promissionem
354 2593 552 2676 occurrerit,
577 2617 650 2664 cum
668 2592 750 2664 baec
769 2593 834 2663 sint
852 2592 1022 2685 dogmata,
1043 2615 1126 2685 quae
1146 2591 1268 2662 nostris

84 2719 200 2792 litteris
215 2720 448 2816 requisivimus,
468 2728 505 2792 ut
518 2721 644 2792 scilicet
658 2721 834 2792 membrum
849 2720 889 2790 ad
906 2727 1003 2816 caput
1022 2727 1054 2792 et
1072 2720 1113 2790 ad
1132 2726 1267 2792 matrem

85 2848 151 2918 tilia
177 2855 373 2932 revertatur,
401 2849 560 2921 ecclesiae
584 2852 747 2922 Romanae
766 2849 980 2920 reverentiam
1000 2855 1033 2920 et
1053 2848 1268 2919 obedientiam

83 2973 225 3045 debitam
253 2975 471 3068 impensurus,
498 3001 570 3048 eum
595 2977 680 3047 sicut
697 2977 832 3050 trabem
852 2976 1053 3046 carissimum
1075 2981 1108 3045 et
1131 2976 1263 3070 praeei-

83 3127 181 3196 puunr
208 3103 385 3174 membrum
412 3103 572 3176 ecelesiae
593 3103 733 3198 benigne
753 3128 792 3174 ac
812 3103 956 3176 hilariter
975 3104 1200 3186 admittemus,
1226 3103 1267 3174 de

84 3233 205 3304 ceteris
224 3233 420 3304 auctoritate
439 3233 527 3304 sedis
546 3232 748 3328 apostolicae
767 3257 807 3304 ao
826 3234 911 3304 sacri
930 3233 1166 3327 approbatione
1186 3255 1267 3303 con·

83 3359 143 3428 silii
164 3381 237 3430 oum
257 3381 318 3428 suo
337 3365 372 3430 et
389 3359 523 3430 aliorum
542 3361 677 3432 fratrum
696 3365 883 3432 nostrorum
902 3358 1057 3440 oonsilio,
1087 3381 1169 3450 quae
1197 3363 1266 3430 sta-

1 3521 2 3578 3
83 3486 203 3558 tuenda
223 3487 361 3568 tuerint,
388 3493 579 3558 statuentes.
610 3487 778 3580 Alioquin,
807 3511 879 3560 cum
898 3487 1084 3558 scandalum
1104 3486 1265 3558 ecclesiae

83 3637 149 3685 non
176 3615 354 3684 debeamus
379 3614 514 3686 ulterius
546 3616 725 3699 sustinere,
757 3616 810 3708 qui
836 3616 876 3686 de
902 3637 977 3685 area
1000 3615 1119 3685 domini
1147 3615 1268 3686 zizania

84 3741 239 3813 debemus
258 3749 291 3812 et
309 3741 418 3836 palens
439 3741 626 3826 exsufflare,
652 3743 853 3814 dissimulare
878 3767 943 3813 non
967 3742 1164 3838 poterimus,
1191 3743 1266 3836 quin

84 3870 114 3938 in
133 3869 206 3963 ipso
226 3869 373 3953 consilio,
396 3869 422 3939 si
439 3869 579 3964 desuper
599 3869 707 3941 datum
726 3871 836 3954 luerit,
857 3871 888 3940 in
907 3869 970 3940 hoc
985 3869 1120 3962 negotio
1135 3869 1175 3940 de
1195 3869 1265 3940 lra-

83 4003 168 4067 trum
187 4002 376 4067 nostrornm
396 3995 531 4067 consilio
550 3998 778 4092 procedamus.

171 4125 341 4197 ldonemus
360 4125 461 4218 igitur
478 4127 747 4220 magnificentiam
771 4132 858 4198 tuam
878 4131 912 4196 et
930 4125 1138 4196 exhortamur
1156 4129 1265 4196 atten—
1411 4125 1419 4132 '

81 4253 164 4335 tius,
193 4259 228 4322 et
254 4252 285 4322 in
312 4253 535 4324 remissionem
563 4255 759 4347 injungimus
786 4259 1014 4348 peccatorum,
1041 4259 1200 4346 quatenus
1219 4253 1267 4324 sic
1355 4322 1358 4330 ,

85 4380 217 4463 efficias,
238 4386 273 4450 ut
292 4379 375 4451 idem
394 4379 580 4452 Patriarcha
594 4407 655 4476 per
668 4405 716 4466 se,
736 4382 786 4454 vel
805 4383 833 4452 si
851 4383 937 4453 torte
952 4385 1043 4476 justa
1057 4379 1266 4476 praepeditus

84 4510 258 4578 occasione
284 4509 489 4601 nequiverit,
506 4535 565 4604 per
590 4517 824 4604 procuratores
852 4511 990 4582 idoneos
1016 4518 1050 4582 et
1074 4511 1198 4605 aliquos
1224 4509 1265 4580 de

87 4635 261 4730 majoribus
289 4636 501 4708 ecclesiarum
524 4639 668 4711 Praelatis
700 4647 822 4710 statuto
856 4647 1004 4734 tempore
1028 4639 1069 4710 ad
1095 4637 1265 4709 concilium
