3110 5080
434 381 561 438 brussnr
575 381 746 438 moereres.
758 397 795 436 nn
808 381 902 436 lnuoc.
915 381 959 436 ΙΙΙ.
1208 373 1285 445 429

194 555 278 626 Hinc
297 560 359 640 est,
386 554 475 648 quod
495 577 620 638 eorum,
641 552 828 648 quaefacta
849 559 925 623 sunt
944 552 1028 648 apud
1047 575 1109 624 nos
1127 553 1285 648 gloriosa,

102 703 234 752 omnem
254 705 272 754 a
291 681 387 754 uobis
406 681 542 776 gloriam
558 681 636 774 jure
655 681 851 774 repellimus,
872 681 990 774 quippe
1005 680 1057 775 qui
1073 683 1181 776 operis
1194 682 1286 752 adbi-

101 808 232 879 buimus
250 833 376 904 parum,
396 808 523 880 consilii
543 807 631 879 nihil.
661 806 753 878 Unde
777 831 916 880 neeesse
935 814 1002 893 est,
1031 815 1085 892 ut,
1110 809 1136 878 si
1156 809 1228 901 quis
1248 831 1286 878 ex

103 935 200 1007 nobis
219 935 359 1009 voluerit
381 935 536 1032 gloriari,
564 935 596 1004 in
615 933 752 1006 Domino
772 934 943 1029 glorietur,
967 956 1034 1004 uon
1053 935 1085 1004 in
1104 957 1160 1019 se,
1184 934 1235 1005 vel
1254 936 1286 1003 in

102 1061 221 1134 altero.

195 1189 346 1260 Foedere
369 1189 471 1283 igitur
488 1188 629 1260 iaderae
649 1189 841 1259 confirmato
866 1209 939 1258 cum
960 1187 1075 1259 illustri
1096 1187 1286 1260 Constanti-

104 1315 287 1410 nopolitani
317 1316 479 1410 quondam
506 1315 733 1409 Imperatoris,
769 1313 923 1398 lsaacbii,
951 1313 1016 1384 filio
1046 1313 1178 1398 Alexio,
1215 1337 1288 1385 cum

103 1442 299 1514 victualibus
318 1443 467 1514 omnibus
485 1449 520 1512 ct
538 1441 638 1513 rebus
658 1447 795 1535 egentes
813 1442 936 1512 Terrae
954 1448 1087 1512 sanctae
1106 1441 1289 1512 videremur

104 1591 283 1664 gravamen
296 1570 407 1664 potius
421 1569 550 1651 illaturi,
570 1569 656 1640 sieut
666 1575 699 1639 ct
709 1565 760 1638 alii
776 1591 814 1638 er
828 1567 935 1650 nobis,
950 1567 1003 1662 qui
1018 1590 1079 1639 nos
1095 1591 1286 1661 praecesse·

104 1701 200 1781 rant,
226 1719 321 1789 quam
342 1697 497 1790 juvamen
517 1692 649 1788 aliquod
668 1693 814 1776 allaturi,
840 1717 901 1764 nec
921 1699 1031 1764 terrae
1050 1695 1289 1766 Saracenorum

106 1825 139 1892 in
157 1829 249 1895 tants
268 1829 419 1917 egestate
438 1845 499 1893 nos
518 1821 728 1892 crederemus
747 1821 910 1915 applicare
933 1827 1106 1916 potentes,
1133 1822 1292 1892 verisimi-

104 1950 190 2021 libus
210 1949 338 2042 quidcm
357 1948 543 2020 rumoribus
562 1955 596 2019 et
614 1950 814 2041 argumentis
833 1947 967 2032 inducti,
988 1949 1073 2042 quod
1093 1949 1169 2019 dicti
1188 1949 1289 2020 Alerii

106 2077 289 2172 suspiraret
320 2077 492 2148 adventum
524 2075 650 2170 Regiae
677 2099 753 2170 pars
780 2077 890 2170 potior
918 2077 1056 2148 civitatis
1097 2083 1131 2149 et
1162 2079 1290 2173 pondus

106 2203 247 2298 lmperii,
262 2225 358 2297 qarem
372 2202 533 2274 electione
547 2203 704 2274 concordi
720 2225 791 2274 eum
807 2201 1045 2296 sollempnitate
1061 2203 1169 2274 debita
1183 2204 1290 2297 lmpe·

106 2331 180 2401 riali
195 2329 377 2402 diademate
391 2329 609 2414 sublimasset,
629 2337 741 2401 contra
761 2337 951 2402 consuetum
971 2331 1116 2402 ordinem
1135 2332 1291 2425 temporis

110 2479 190 2530 aura
216 2459 365 2542 favente,
394 2457 622 2529 obedientibus
638 2457 780 2529 Domino
806 2458 912 2528 ventis
932 2463 965 2529 et
983 2459 1080 2541 mari,
1107 2457 1149 2529 ad
1174 2458 1288 2530 urbem

106 2586 244 2679 llegiam
262 2591 397 2680 praeter
415 2567 653 2678 omnem'spem
671 2605 832 2678 prospere
851 2584 1063 2678 applicuimus
1084 2585 1167 2655 etin
1185 2584 1287 2656 brevi.
1414 2630 1417 2638 ·

198 2713 266 2784 Sed
294 2735 357 2783 uec
385 2709 627 2782 adventavimus
653 2709 835 2803 improvisi,
864 2711 917 2806 qui
937 2734 1040 2806 usque
1060 2711 1100 2783 ad
1120 2711 1288 2805 sexaginte

106 2839 205 2910 millia
226 2839 388 2932 equitum,
416 2844 549 2931 praeter
567 2837 714 2932 pedites,
742 2837 774 2907 in
793 2839 875 2908 urbe
892 2840 1089 2933 reperimus,
1115 2845 1150 2911 et
1166 2840 1288 2910 transi·
1414 2937 1415 2942 ἵ

106 2966 225 3038 lientes
250 2963 325 3036 loca
349 2965 528 3048 tutissima,
555 2969 691 3057 pontes,
716 2971 827 3035 tvrrres
852 2969 886 3036 et
909 2963 1056 3050 flumina,
1083 2965 1153 3037 sine
1172 2966 1288 3036 damno

107 3097 316 3174 nostrorum,
345 3097 436 3162 terra
461 3096 495 3161 et
518 3091 599 3161 mari
625 3090 811 3161 obsedimus
837 3091 1000 3162 civitatem
1031 3097 1065 3163 et
1087 3099 1289 3188 tyrampnum

105 3219 251 3313 pariter,
284 3218 356 3312 qui,
392 3217 566 3288 commisso
591 3219 624 3287 in
648 3217 781 3289 fratrem
804 3218 996 3313 parricidio,
1027 3220 1135 3291 lasces
1160 3221 1287 3315 lmperii

108 3347 233 3418 diutina
254 3344 462 3416 incubatione
483 3343 655 3438 polluerat.
677 3345 812 3415 Praeter
830 3345 931 3439 igitur
946 3347 1086 3417 omnium
1105 3349 1289 3442 opinionem

107 3474 334 3544 universorum
361 3469 475 3541 civium
502 3475 627 3540 meutes
653 3477 768 3541 contra
796 3489 857 3541 nos
884 3472 1062 3544 invenimus
1091 3473 1289 3558 obfirmatas,

107 3621 171 3670 nec
196 3597 293 3670 aliter
320 3601 436 3666 contra
463 3594 626 3666 dominum
652 3619 743 3667 suum
772 3597 933 3667 civitatem
960 3599 1060 3669 muris
1079 3606 1112 3671 et
1136 3601 1290 3672 machinis

107 3725 309 3803 obseratam,
328 3745 423 3816 quarn
438 3723 465 3792 si
479 3721 690 3792 adventasset
706 3723 846 3815 populus
859 3723 1007 3808 infidelis,
1023 3725 1077 3818 qui
1089 3725 1162 3798 loca
1177 3735 1290 3800 sancta

106 3853 257 3948 polluere
275 3855 310 3920 ct
334 3849 527 3942 religionem
552 3855 755 3944 proponeret
776 3851 1018 3922 inexorabiliter
1037 3853 1176 3925 evellere
1197 3855 1288 3928 Obri-

106 3982 257 4051 stianam.
287 3976 415 4070 lmperii
442 3975 598 4069 siquidem
625 3975 866 4047 crudelissimus
887 3977 1071 4062 incubator,
1097 3982 1217 4053 domini
1243 3985 1290 4054 sui

109 4115 143 4180 et
160 4106 274 4178 iratris
298 4103 507 4198 Imperatoris
526 4101 663 4173 orbator
682 4109 715 4174 et
732 4103 894 4197 proditor,
922 4107 1041 4199 quique
1060 4109 1198 4182 eundem
1218 4135 1293 4182 car-

109 4257 187 4307 cere
201 4237 363 4330 perpetuo
378 4231 448 4300 sine
464 4230 597 4300 crimine
611 4228 897 4324 condempnasset,
911 4232 996 4303 idem
1011 4235 1075 4306 tilio
1092 4237 1163 4330 ejus
1177 4235 1291 4310 illustri

109 4363 260 4433 susurrus
279 4357 413 4441 Alexio,
440 4357 468 4426 si
487 4378 554 4427 non
573 4355 711 4426 eundem
730 4379 749 4427 a
769 4356 915 4428 manibus
936 4358 1007 4452 ejus
1026 4361 1101 4433 lelir
1120 4364 1293 4456 eripuisset

109 4489 262 4569 exilium,
290 4483 480 4580 praehabita
506 4481 539 4551 in
567 4482 690 4576 populo
718 4482 900 4554 detestabili
928 4489 1111 4574 concione,
1139 4498 1293 4586 potentes

109 4615 204 4688 simul
233 4619 269 4684 et
294 4611 424 4707 plebem
451 4609 656 4683 sermonibus
681 4609 762 4680 adeo
791 4609 952 4684 iniecerat
978 4617 1163 4702 venenatis,
1191 4626 1228 4691 ut
1252 4620 1293 4692 ad
