3148 5080
295 311 348 382 64
609 323 758 392 Bonupnnr
773 325 783 380 1
797 323 978 378 Aurrocnrnr
993 335 1097 376 rnrvrn.
1111 319 1180 376 Vsu.

384 491 509 579 Quodsi
527 492 592 565 hoc
607 519 673 568 non
688 493 979 577 observaverimus,
997 499 1078 564 tunc
1093 513 1294 586 componere
1309 491 1491 564 debeamus

292 619 324 689 in
340 641 468 690 camera
488 623 587 692 vostri
608 623 718 718 palatii
736 623 861 694 solidos
881 624 1080 693 Romunntos
1095 619 1192 690 mille.
1213 621 1256 692 Et
1270 618 1332 690 hec
1347 619 1494 712 promis·
1572 621 1573 624 ’

292 745 393 816 sionis
414 745 539 816 cartula
558 747 590 817 in
609 773 668 819 sus
686 750 839 820 tinnitste
858 753 1059 842 permanent.

381 871 519 964 Signum
537 896 650 945 manus
668 877 756 946 Petri
774 874 935 959 Senioris,
956 873 1010 967 qui
1028 871 1095 943 hoc
1114 871 1244 966 rogarit
1262 870 1345 942 fieri.

381 997 519 1091 Signum
539 1023 652 1071 manus
670 1001 798 1096 Aloymi
817 1001 953 1083 Prioris,
973 999 1028 1093 qui
1047 998 1112 1070 hoc
1130 998 1261 1090 rogarit
1278 997 1364 1068 fieri.

382 1123 520 1218 Signum
539 1149 652 1197 munus
671 1128 813 1198 Andrcae
834 1133 867 1198 et
887 1126 985 1207 Petri,
1006 1125 1060 1219 qui
1079 1124 1144 1196 hoc
1163 1124 1294 1216 rogarit
1312 1123 1397 1196 tisri.

384 1249 522 1342 Signum
541 1271 653 1322 munus
673 1253 788 1324 Gaudii
802 1252 936 1346 judicis,
955 1252 1010 1345 qui
1029 1251 1094 1322 hoc
1113 1251 1184 1320 ficri
1203 1250 1345 1344 rogavit

385 1375 522 1468 Signum
542 1401 656 1450 munus
674 1379 827 1464 Androm,
848 1379 902 1474 qui
921 1377 986 1448 hoc
1005 1379 1075 1448 tieri
1095 1378 1236 1470 rogarit.

384 1501 525 1595 Signum
541 1527 654 1574 munus
673 1505 775 1588 Petri,
800 1505 911 1576 fratris
934 1503 1070 1588 Primis,
1098 1505 1153 1596 qui
1171 1502 1237 1573 hoc
1255 1503 1326 1574 ficri
1345 1503 1492 1596 rogarit.

385 1629 523 1721 Signum
542 1651 655 1700 monus
676 1629 890 1714 Chimechiae,
911 1629 965 1725 qui
984 1629 1049 1700 hoc
1068 1629 1139 1702 fieri
1158 1629 1299 1722 rogarit.

385 1756 521 1850 Signum
544 1778 657 1827 munus
675 1751 777 1841 Pauli,
797 1757 956 1840 Perdami,
976 1755 1102 1848 Droghi
1121 1761 1155 1827 ct
1173 1755 1326 1826 Luchuri.

458 1885 532 1976 ligo
547 1885 675 1968 Petrus,
696 1883 929 1967 subdiaconus,
949 1888 1087 1976 rogatus
1103 1904 1122 1954 s
1137 1882 1381 1976 suprascriptis,
1397 1903 1494 1953 com-

232 2071 235 2078 .
295 2009 380 2104 plcvi
400 2016 434 2080 et
455 2009 620 2081 roboravi.

386 2137 463 2208 Haec
482 2134 654 2231 promissio
673 2136 761 2208 sactu
780 2141 832 2206 cst
851 2135 1066 2231 praescntibus
1085 2134 1205 2227 legatis
1224 2135 1355 2220 vestris,
1382 2133 1493 2205 domi·

298 2260 348 2332 nis
368 2261 495 2334 scilicet
512 2261 676 2334 Bsduario
697 2261 737 2333 da
755 2261 889 2358 Spinule
908 2269 943 2334 ct
961 2262 1094 2333 Faletro
1114 2260 1284 2332 Stomuto.

829 2442 952 2516 xxvm

356 2583 514 2648 insuunt!
531 2583 543 2646 Ι
560 2584 703 2667 principls
720 2583 891 2649 intimiori
908 2585 1096 2668 privilegiu
1112 2584 1233 2650 Venetis
1249 2601 1434 2650 concessu.

756 2707 787 2760 Α.
802 2707 828 2760 d.
843 2706 1031 2765 rous-1099.

388 2815 450 2882 Hoc
466 2816 656 2904 privilegium
674 2819 819 2881 memorat
834 2817 1006 2892 Ruinaldus,
1023 2817 1190 2882 Antiochia
1206 2818 1360 2902 prinecps,
1378 2819 1408 2880 in
1426 2817 1492 2901 pri-

297 2922 407 3005 vilegio
433 2923 557 2989 Venetis
583 2925 617 2988 Α.
642 2924 677 2990 D.
703 2925 788 2990 1153
812 2943 976 3002 concesso,
1006 2925 1058 2989 Nr.
1086 2925 1138 2990 LV
1161 2925 1250 3008 hujus
1274 2923 1492 2992 collectionis:

294 3020 373 3120 ,epo
389 3033 569 3099 Ruinatdus
586 3080 593 3096 .
612 3082 619 3096 .
638 3082 645 3096 .
663 3034 789 3122 unoque
806 3035 990 3100 Constantio
1007 3083 1014 3097 .
1034 3083 1041 3098 .
1061 3084 1067 3098 .
1086 3035 1298 3104 condonamus
1319 3039 1351 3098 ct
1371 3035 1491 3122 absque

295 3143 363 3206 ulta
379 3142 607 3228 inquietatione
628 3143 850 3231 inperpetuum
872 3143 1057 3242 dimittimus
1078 3143 1225 3210 Veneticis
1240 3163 1302 3230 per
1315 3141 1491 3208 Antiocho·

251 3263 256 3331 ς
294 3272 351 3315 nos
363 3253 443 3336 fines
459 3252 693 3316 mammantibus
708 3259 740 3316 et
754 3253 790 3316 in
804 3251 974 3317 Antiochia
988 3253 1185 3318 manentibus
1201 3273 1306 3318 omncs
1322 3259 1491 3318 cousuetu-
1548 3278 1550 3282 ·

249 3334 256 3433 i
296 3359 387 3424 dines
402 3360 486 3432 iilos,
502 3380 581 3446 quas
595 3359 786 3426 Antiochensi
795 3361 965 3448 principes
979 3361 1182 3426 Boamundus
1199 3361 1326 3448 primus
1343 3411 1350 3426 .
1369 3409 1377 3424 .
1398 3411 1405 3426 .
1423 3361 1492 3426 iltis

296 3467 553 3532 condonaverunt
573 3473 604 3530 ot
626 3468 817 3532 anctoritate
833 3467 1002 3556 privilegii
1021 3469 1073 3534 sui
1091 3473 1386 3554 corfimuuerunff.
1411 3469 1492 3533 Bos·

296 3573 399 3637 mundi
415 3575 510 3638 nostri
527 3595 577 3639 res
595 3581 713 3639 enarrat
726 3573 922 3639 Wilkenus
940 3577 970 3639 in
986 3575 1176 3659 Krcuzzttgs,
1193 3577 1228 3640 T.
1241 3577 1263 3652 1,
1279 3598 1309 3661 p.
1325 3581 1345 3642 2
1363 3579 1489 3662 passim.

386 3683 468 3746 ldem
495 3683 639 3768 princeps
660 3683 862 3748 isnucnsibus
887 3685 971 3768 plura
998 3685 1126 3768 largitus
1151 3689 1208 3749 cst.
1243 3683 1305 3748 cfr.
1331 3685 1489 3767 Pnguuo

296 3789 316 3854 l.
335 3789 355 3853 1.
373 3809 401 3874 p.
419 3791 496 3855 207.

819 3923 956 3997 xxvm.

297 4046 483 4127 Prtrllegtum
503 4046 623 4111 rursm
650 4063 670 4110 ι
696 4046 848 4112 sotrum·
873 4047 946 4111 tuoe
967 4046 1242 4129 Gruccstgnstorun
1269 4049 1300 4113 ln
1328 4049 1491 4115 iniustius

806 4173 986 4220 cencessum.

811 4277 843 4330 Α.
857 4277 882 4330 d.
897 4278 975 4334 1100.

388 4384 523 4451 Andreas
546 4387 739 4452 Dandulus
761 4386 865 4450 chron.
883 4407 912 4471 p.
930 4388 1012 4453 258:
1037 4391 1210 4454 Emeruitus
1234 4390 1342 4478 itaque
1361 4390 1490 4456 Veneto-

297 4517 366 4560 rum
382 4495 427 4561 od
440 4503 559 4561 terrum
577 4495 800 4583 promissionis
816 4498 992 4583 profectus.
1017 4499 1052 4562 iu
1063 4507 1163 4585 portu
1177 4499 1299 4586 Jopcm,
1317 4517 1407 4586 quem
1415 4501 1490 4586 jam
