3130 5078
436 331 531 386 lurco.
545 331 578 388 lll
594 348 683 388 aaran
699 349 736 388 sn
750 347 873 385 sarsana·
888 331 932 388 ce.
1194 321 1270 396 519

93 503 272 572 itomanam
290 499 489 585 Ecclesiam,
517 501 615 574 habet
641 501 801 574 exercitus
821 499 1042 588 Christianus,
1067 504 1269 596 praescripta

94 629 128 698 ei
142 627 280 698 fideliter
293 629 474 721 exponatis,
489 635 523 697 et
536 635 600 699 tam
610 629 811 700 carissimum
820 629 853 698 in
863 627 993 700 Christo
1003 628 1099 700 tilium
1110 637 1268 713 nostrum,

94 753 353 846 animumn
361 754 753 848 constantinopolitanum
764 755 995 848 imperatorem
1004 756 1172 841 illustrem,
1180 779 1273 851 quam

92 883 238 974 maiores
265 889 298 952 et
323 881 463 952 minores
483 881 513 950 in
533 881 603 975 ipso
624 883 767 952 exercitu
794 882 991 953 constitutos
1017 883 1171 954 inducere
1190 905 1272 976 pro-

93 1009 236 1089 curetis,
261 1015 297 1078 nt
314 1029 451 1101 reguum
470 1007 670 1078 Graecorum
695 1009 727 1078 in
752 1009 937 1082 obedientia
955 1009 1052 1080 Sedis
1070 1008 1270 1103 apostolieae

96 1133 253 1206 studeant
271 1133 425 1218 stabilire,
451 1155 511 1227 per
529 1156 623 1228 qnam
643 1135 752 1228 utique
770 1138 903 1229 poterit,
923 1144 957 1208 et
974 1139 1046 1209 sina
1064 1159 1126 1230 qua
1145 1135 1274 1206 minima

100 1267 216 1356 posset
234 1259 274 1332 ab
294 1259 341 1330 eis
360 1261 461 1354 ipsius
481 1260 651 1333 dominium
670 1261 814 1332 retineri.

185 1387 301 1458 Datum
321 1387 435 1470 Ronu,
464 1388 548 1482 apud
567 1393 716 1458 sanctum
735 1388 878 1472 Petmm,
897 1388 1005 1462 idibus
1024 1387 1227 1460 Novembris.

621 1585 755 1658 cxxvi.

103 1728 292 1793 innocentius
313 1726 355 1790 ΙΙΙ
382 1727 533 1810 Episcspls
559 1733 590 1792 et
617 1728 788 1800 illstllm,
814 1729 846 1791 ln
872 1729 1001 1792 exercitu
1017 1728 1179 1794 clusam
1200 1729 1277 1812 apul

453 1834 735 1919 constantinopolu-
751 1837 931 1900 uastitatis.

101 1977 139 2042 Ut
155 1977 189 2042 in
205 1979 357 2044 Ecclesiia
374 1999 395 2042 o
412 1978 544 2044 Graecis
564 1979 686 2044 relictis
706 1979 886 2044 sacerdotes
908 1979 1019 2044 Latini
1038 1980 1276 2052 constitamntstr.

448 2093 480 2151 et
494 2095 647 2152 rectorem
658 2087 784 2171 fociant
800 2085 927 2174 elicere.

444 2230 474 2282 Α.
488 2229 514 2284 d.
528 2229 607 2284 1²⁰4.
626 2227 669 2283 dia
681 2227 707 2282 7.
727 2246 761 2283 ιιι.
774 2228 934 2282 Decembris.

189 2359 318 2420 lnnoc.
343 2356 379 2419 lll
404 2357 490 2442 epist.
509 2356 559 2420 lib.
579 2356 643 2433 Vll,
668 2377 716 2440 ep.
734 2355 851 2420 CthV
874 2356 922 2420 ed.
949 2354 1165 2440 Brequigny
1188 2356 1224 2420 Τ.
1243 2355 1277 2430 ΙΙ,

98 2485 169 2552 pag.
187 2465 261 2530 588.
286 2463 347 2528 cu.
365 2463 546 2547 Raynnld.
571 2463 591 2526 l.
609 2467 627 2528 l.
642 2465 674 2550 ξ.
693 2465 746 2529 22.

190 2597 271 2684 Quia
300 2620 364 2668 non
392 2599 497 2666 minor
524 2603 574 2666 est
601 2599 719 2680 virtus,
749 2619 843 2690 quam
862 2619 1037 2690 quaerere,
1067 2602 1158 2692 parta
1178 2598 1275 2681 tueri,

97 2725 141 2794 ad
170 2727 318 2796 meritum
345 2724 436 2794 robis
465 2723 627 2796 credimus
655 2724 877 2819 profuturum,
913 2723 1273 2818 Constantinopolitano

99 2851 238 2945 lmperio
263 2851 304 2922 ad
328 2858 537 2944 augmentum
561 2859 595 2922 et
623 2851 765 2945 generali
790 2849 957 2922 Ecclesiae
982 2851 1021 2921 ad
1047 2849 1222 2934 honorem,
1249 2851 1277 2921 si

97 2977 265 3049 Ecelesias
291 3001 310 3049 a
337 2978 471 3048 Graecis
497 2977 631 3050 relictas
657 2977 698 3048 de
725 2977 848 3048 latinis
874 2977 1002 3048 clericis
1029 2977 1206 3062 ordinetis,
1235 2978 1275 3049 ad

99 3103 223 3176 cultum
244 3102 337 3175 divini
358 3106 495 3176 nominis
513 3105 574 3198 suls
594 3103 797 3176 orthodoxae
816 3104 889 3175 fidei
913 3103 1028 3198 regula
1048 3102 1078 3173 in
1099 3104 1273 3176 devotione

100 3229 425 3325 sedisapostolicae
453 3233 704 3304 conservandas.
742 3231 852 3324 Turpe
881 3229 1037 3322 siquidem
1065 3239 1155 3302 esset
1181 3241 1214 3304 et
1242 3233 1274 3302 in

100 3357 231 3428 ultimae
251 3357 460 3429 discussionis
476 3360 620 3429 examine
638 3357 870 3438 ulciscendum,
890 3357 917 3426 si
932 3357 978 3426 sic
991 3359 1193 3428 Graecorum
1207 3363 1277 3428 ter-

101 3485 206 3555 minos
232 3485 379 3566 exiretis,
406 3491 459 3569 ut,
490 3485 681 3556 inordinatis
709 3485 883 3567 Ecclesia,
922 3505 1059 3576 regnum
1087 3485 1178 3578 quasi
1206 3485 1275 3554 sine

101 3610 289 3682 sacerdotio
307 3619 503 3696 remaneret,
522 3635 583 3684 nee
597 3617 719 3695 essent,
739 3612 793 3704 qui
807 3611 995 3681 Latinorum
1009 3610 1130 3702 populo
1145 3610 1275 3693 ibidem,

102 3739 201 3810 dante
219 3739 375 3820 Domino,
401 3745 558 3833 perpetuo
583 3761 791 3820 remansuro,
813 3739 906 3830 juxta
933 3759 1025 3807 suum
1049 3737 1143 3808 ritum
1172 3737 1275 3807 divina

100 3868 164 3936 rite
184 3865 388 3936 celebrarent
407 3865 513 3936 ollicia
538 3873 571 3936 et
595 3865 785 3936 exhiberent
812 3864 1034 3936 ecclesiastica
1060 3870 1274 3935 sacramenta.

194 3993 360 4064 llonemus
391 3993 489 4086 igitur
522 3993 750 4063 discretionem
778 3997 916 4062 vestram
946 3998 978 4061 et
1006 3991 1213 4062 exhortamur
1244 3991 1275 4062 in

104 4121 254 4202 Domino,
276 4127 308 4190 et
321 4143 381 4214 per
395 4119 575 4214 apostolica
590 4119 681 4190 vobis
695 4120 817 4212 scripta
836 4117 1065 4212 praecipiendo
1080 4118 1277 4200 mandamus,

103 4253 283 4340 quatenus,
308 4248 538 4319 convenientes
557 4248 589 4316 iu
608 4269 724 4328 unum,
753 4245 784 4316 in
803 4244 958 4315 Ecclesiis
977 4244 1276 4340 Constantinopoli-

102 4381 199 4445 tanae
219 4374 372 4457 eivitatis‚
393 4376 425 4444 in
444 4375 558 4467 quibus
577 4373 680 4444 latini
701 4373 856 4444 hacteuus
875 4395 939 4442 non
959 4373 1108 4452 luerunt,
1130 4374 1275 4442 auctori-

100 4507 168 4572 tate
188 4505 300 4572 nostra
319 4501 441 4573 suliulti
462 4501 594 4572 latinos
613 4501 749 4572 elericos
765 4501 934 4570 instituere
949 4499 1145 4594 procuretis,
1166 4501 1219 4593 qui
1244 4513 1278 4570 et
