3130 5082
324 327 397 400 148
553 339 743 396 Parmensium
757 340 908 398 Boauuum
922 341 1060 398 Illumne
1074 337 1264 394 burroousru.

871 513 953 586 LXI.

323 633 509 716 Pridiegtsn
534 634 693 700 hornud!
709 637 767 717 ΙΙΙ,
791 639 933 722 pumtpts
949 638 1133 717 Antistheni,
1150 633 1320 701 irretiaris
1335 639 1368 698 et
1383 650 1500 696 corem-

320 744 415 808 storis
431 743 468 808 ie
483 743 642 810 nediststs
656 747 784 812 οιιΙιι
800 749 1059 827 assuetudinem,
1082 765 1156 830 ques
1177 747 1357 810 notatores
1372 742 1502 806 Veredct

320 854 428 918 bebere
448 853 584 918 sciebant
600 856 631 918 Ιι
647 857 815 938 muscus,
837 858 947 924 iactr·
969 858 1084 924 illustri
1106 856 1223 920 ΙοιΙιο
1242 853 1315 917 broi
1338 856 1370 918 et
1390 850 1505 918 aaut

816 969 1012 1032 versuumn.

830 1088 861 1144 A.
874 1090 900 1144 d.
914 1089 993 1145 1¹6⁷.

414 1195 482 1261 bib.
500 1194 566 1260 Alb.
585 1197 606 1260 f.
627 1197 700 1266 tou.
724 1199 790 1264 bib.
808 1199 881 1265 Pact
908 1199 929 1274 l,
950 1201 970 1264 Ι.
989 1201 1065 1264 261.
1089 1199 1279 1265 iduratcri
1300 1199 1319 1262 Ι.
1337 1197 1357 1261 Ι.
1376 1221 1406 1284 p.
1426 1198 1507 1262 292:

326 1308 380 1382 ,in
400 1307 545 1394 margine
573 1307 690 1372 codicis
711 1309 796 1375 nno.
820 1310 888 1375 boec
910 1311 1089 1376 adduntur:
1118 1332 1201 1374 anno
1229 1309 1400 1376 notavi!
1423 1307 1507 1372 indi-

325 1417 428 1483 otione
439 1417 471 1480 Χ
472 1416 495 1480 V
504 1417 715 1491 Bocmundus,
735 1419 887 1506 Princeps
895 1419 1079 1492 Antiochia,
1092 1420 1178 1506 [ilites
1187 1441 1215 1506 p.
1226 1418 1417 1503 Iiaymcndi,
1434 1439 1507 1484 coss·

328 1526 424 1592 cessit
442 1525 560 1590 unuh
575 1547 659 1590 anno
670 1528 875 1617 principatus
890 1529 942 1593 sui
956 1535 1084 1616 pocrtm
1106 1537 1141 1594 ut
1161 1529 1195 1593 in
1212 1529 1318 1616 primo
1337 1529 1509 1594 Paetorum

326 1635 374 1700 ch.
393 1635 461 1699 169
477 1641 509 1700 et
524 1635 558 1698 in
574 1638 709 1701 seeundo
726 1639 894 1703 Paetorum
910 1637 957 1702 ch.
977 1639 1031 1704 8“.
1055 1635 1116 1700 ch.
1135 1637 1255 1700 biario
1269 1637 1305 1700 Τ.
1319 1636 1367 1708 ΙΙΙ,
1380 1657 1411 1720 p.
1428 1636 1508 1700 188:

330 1747 379 1820 ,ei
393 1752 485 1809 moso
500 1745 670 1830 capistrata
687 1748 740 1810 nsi
754 1747 833 1812 libro
851 1747 868 1812 Ι
880 1749 1047 1813 Paetorum
1063 1767 1090 1812 o.
1103 1749 1171 1813 169
1186 1769 1205 1812 e
1219 1749 1274 1812 net
1286 1746 1322 1812 11
1334 1768 1361 1812 c.
1381 1746 1404 1810 8
1420 1747 1509 1811 ineo-

325 1853 460 1918 mincia:
484 1853 598 1918 inclito
615 1861 646 1918 et
660 1861 788 1920 strenuo
809 1857 937 1920 Venetia
956 1857 1042 1922 Daci
1056 1857 1199 1944 omnique
1213 1853 1511 1946 eirudomlcioitctio

327 1963 452 2028 sommi
467 1969 562 2050 atque
579 1965 741 2044 communi,
757 1986 893 2030 necnon
910 1973 941 2030 et
957 1967 1096 2032 omnibus
1111 1966 1290 2032 Veneticae.

417 2099 452 2169 ln
478 2097 609 2168 nomine
633 2105 747 2168 sancte
772 2104 805 2168 et
830 2097 991 2170 individue
1016 2099 1187 2182 trinitatis,
1213 2100 1315 2192 patris
1342 2104 1378 2168 et
1402 2095 1458 2166 tilii
1478 2101 1514 2165 et

328 2229 460 2324 spiritus
480 2225 594 2297 sancti.
623 2223 737 2294 Amen.

418 2359 539 2430 Notum
555 2354 596 2423 sit
611 2353 759 2423 omnibus
774 2351 969 2440 hominibus,
990 2361 1055 2427 tam
1068 2353 1288 2450 presentibus,
1309 2375 1406 2444 quarn
1419 2351 1513 2420 futu-

327 2489 384 2567 ris,
406 2483 494 2578 quod
514 2506 578 2575 ego
598 2483 818 2566 Boamundus,
845 2485 999 2577 principis
1019 2483 1188 2554 Raiuruudi
1212 2481 1307 2566 filius,
1334 2480 1386 2550 dei
1405 2478 1515 2572 gratia

328 2615 480 2707 princeps
495 2609 729 2694 Antiochenus,
751 2610 915 2694 condono,
931 2611 1069 2693 dimitto,
1085 2609 1173 2682 douo
1189 2615 1223 2680 et
1237 2608 1384 2682 concedo
1398 2607 1513 2676 inclito

331 2747 365 2812 et
383 2746 518 2810 strenuo
538 2737 673 2808 Venetie
691 2737 773 2809 Duci
789 2740 938 2831 omnique
952 2739 1100 2832 ejusdem
1115 2738 1252 2808 civitatis
1267 2736 1394 2807 senatui
1412 2741 1515 2827 atque

330 2866 470 2950 comuni,
491 2889 552 2936 nec
571 2889 637 2960 nou
656 2870 690 2936 et
708 2866 856 2936 omnibus
871 2865 1034 2936 veneticis
1054 2865 1257 2936 medietatem
1272 2865 1414 2935 omniurn
1429 2885 1517 2934 con-

329 2994 554 3077 suetudinum,
597 3015 677 3086 quas
718 3001 919 3064 mercatores
954 2992 1097 3064 Venetici
1141 2985 1258 3084 cure'J
1296 2991 1449 3062 solebant
1483 2990 1517 3057 in

329 3119 500 3194 Antiochia
519 3121 602 3191 etin
621 3121 707 3190 omni
726 3127 815 3191 terra
834 3143 916 3190 mea.

418 3251 572 3320 Preterea
601 3269 731 3340 quoque
761 3247 846 3317 dono
868 3254 902 3317 et
921 3247 1068 3318 concedo
1089 3247 1211 3318 eisdem
1236 3255 1365 3318 cerates
1391 3247 1517 3317 liberas

217 3451 220 3460 ,
331 3383 365 3448 et
374 3375 551 3457 absolutas,
567 3380 601 3445 et
614 3375 705 3444 firma
720 3376 914 3446 auctoritate
930 3375 1077 3446 concedo
1090 3375 1216 3458 iisdem,
1235 3382 1272 3445 ut
1290 3373 1405 3458 libere,
1426 3373 1520 3444 salse

332 3512 364 3575 et
383 3527 499 3574 secure
518 3508 616 3594 atque
636 3501 744 3594 quiete
764 3506 838 3571 eant
857 3507 890 3571 et
908 3503 1048 3586 veniant,
1068 3503 1191 3571 intrent
1210 3508 1244 3573 et
1262 3507 1378 3572 exeant
1398 3502 1430 3570 in
1445 3499 1520 3571 dn·

330 3631 451 3704 tioohia
480 3637 513 3701 et
536 3635 638 3699 totam
658 3634 778 3699 terram
797 3651 910 3712 meam,
937 3630 992 3710 ita,
1014 3629 1103 3720 quod
1121 3627 1207 3700 nulla
1228 3629 1405 3700 occasione
1424 3629 1521 3720 quis-

331 3781 426 3852 quam
452 3781 510 3828 eos
539 3757 570 3825 in
592 3755 760 3826 Antiochia
786 3755 834 3826 vel
860 3757 890 3825 in
916 3757 1021 3826 omnia
1044 3762 1133 3827 terra
1160 3779 1231 3826 mea
1255 3756 1443 3848 opprimere
1462 3759 1522 3824 aut

331 3909 390 3956 sua
408 3885 538 3956 auterre
556 3888 738 3975 presumat;
765 3906 871 3975 neque
889 3907 951 3976 pro
970 3883 1036 3954 ullo
1055 3885 1229 3968 forifacto,
1258 3881 1346 3976 quod
1374 3883 1409 3950 in
1436 3881 1520 3952 mari

332 4036 390 4082 seu
416 4009 490 4080 alibi
516 4033 598 4104 gens
624 4032 736 4078 eorum
756 4011 917 4102 quondam
942 4012 1075 4094 fecerit,
1106 4012 1224 4081 sivein
1243 4011 1388 4080 futurum
1409 4009 1522 4090 faciet,

332 4139 566 4232 negociatores
585 4137 731 4206 Venetici
751 4136 816 4206 ullo
836 4138 933 4207 modo
960 4137 1175 4230 impediantur
1203 4137 1255 4208 uel
1280 4137 1521 4208 disturbentur.

423 4263 466 4333 Et
486 4264 512 4332 si
532 4264 733 4357 naufragium
754 4263 784 4332 in
804 4271 893 4334 terra
913 4289 982 4334 mea
1002 4287 1060 4334 seu
1080 4265 1239 4334 baronum
1259 4286 1422 4346 meorum,
1447 4265 1522 4335 ubi·

332 4414 459 4482 cunque
479 4389 675 4459 dominatum
694 4389 869 4473 babeouel
888 4389 1061 4477 habuero,
1078 4393 1167 4484 passi
1186 4391 1325 4472 fuerint,
1356 4389 1398 4460 de
1419 4391 1524 4463 rebus

358 4565 384 4637 ¹)
404 4565 473 4636 hege
486 4563 574 4616 dare.
