3110 5076
283 340 359 414 246
520 351 708 406 Purvrnroruu
722 351 825 404 Aurxu
839 351 872 406 lll
885 352 942 406 lue.
957 351 1024 406 Vsu.
1041 367 1216 406 carcassona.
1291 403 1295 410 ,

281 530 414 596 uocatus
439 521 592 604 accedat,
620 521 821 616 apostolieae
845 523 915 594 sedi
942 523 1156 598 obedientiam
1180 530 1214 595 et
1239 527 1457 596 reverentiam

280 653 454 724 secundum
478 657 597 722 statum
620 651 808 722 canonicum
834 653 1065 745 praestiturum
1093 674 1150 735 ne,
1177 653 1205 722 ai
1230 675 1328 723 secus
1354 660 1458 723 actum

281 781 391 864 luerit,
407 781 494 874 quod
508 801 573 850 non
588 779 762 863 credimus,
781 780 891 850 tamin
907 785 952 862 te,
972 780 1026 873 qui
1044 786 1151 872 potes,
1171 781 1197 850 si
1213 780 1367 862 uolucris,
1388 781 1459 850 elli·

282 932 376 990 cere,
403 907 491 1001 quod
515 906 720 990 mandamus,
747 929 843 1000 quam
861 907 894 976 in
913 931 986 978 euru
1012 911 1046 976 et
1070 905 1240 978 ecclesiam
1260 907 1463 979 Graecorum

282 1036 464 1132 procedere
483 1035 725 1128 compellamur.

372 1162 480 1256 Super
498 1163 617 1234 ceteris
637 1167 744 1234 autem
768 1160 919 1234 dilectum
936 1161 1034 1234 lilium
1052 1161 1285 1251 totamm),
1306 1161 1461 1255 Capella-

283 1288 1466 1382 mmmmMmmfflwmmemmm

283 1417 452 1512 providum
473 1423 506 1488 et
525 1415 720 1498 discretum,
750 1415 843 1486 nohis
863 1421 897 1486 et
915 1415 1070 1486 iratribus
1089 1415 1212 1488 nostris
1230 1415 1369 1488 obtentu
1388 1439 1466 1486 suae

201 1513 208 1532 ἱ
284 1545 451 1638 religionis
478 1551 511 1613 et
537 1543 717 1616 honestatis
740 1549 911 1638 acceptum
939 1566 977 1614 ac
1002 1549 1079 1614 tuae
1105 1544 1271 1614 serenitati
1297 1543 1468 1627 deuotum,

287 1671 329 1742 ad
348 1669 546 1764 {inperialem
573 1669 792 1742 excellentiam
812 1669 956 1742 duximus
975 1669 1215 1742 destinandum:
1244 1677 1418 1742 monentes
1437 1677 1470 1742 et

285 1799 492 1870 exhortantes
511 1800 685 1882 amentius,
714 1804 871 1891 quatenus
891 1821 963 1868 euru
982 1800 1067 1870 sicut
1085 1798 1244 1894 Legatum
1263 1798 1467 1891 apostolieae

284 1925 371 1998 sedis
387 1925 528 2018 henigne
542 1927 681 2018 recipias
695 1932 729 1998 et
746 1926 903 2010 honores,
924 1933 958 1996 et
972 1950 1010 1998 ea
1024 1927 1094 1998 sine
1108 1925 1311 1998 dubitatione
1324 1926 1471 2020 qualibet

285 2052 412 2137 credas,
433 2075 515 2145 quae
534 2052 593 2124 tibi
613 2061 762 2148 exparte
782 2060 895 2126 nostra
914 2054 1042 2126 duxerit
1060 2051 1292 2148 proponenda,
1321 2055 1467 2126 sciturus

284 2205 345 2276 pro
365 2188 470 2265 certo,
491 2181 589 2276 quod,
609 2181 637 2250 si
655 2183 776 2252 nostris
795 2183 940 2254 uolueris
961 2182 1105 2254 consiliis
1125 2181 1349 2274 acquiescere,
1371 2183 1468 2276 graui

283 2315 477 2404 tempestate
495 2309 621 2390 sedata,
640 2315 736 2402 grata
753 2309 811 2382 tibi
830 2311 952 2403 poterit
969 2309 1183 2403 tranquillitas
1202 2310 1390 2402 prouenire.

377 2437 493 2508 Datum
514 2436 665 2520 hurrmu,
684 2436 791 2508 ldibus
811 2437 1017 2508 Nouembris.

807 2617 956 2688 LXXXV.

288 2761 471 2843 lrlrlleglum
482 2761 575 2826 llertt
587 2761 626 2824 lll
639 2761 827 2843 luperatarls
840 2761 1167 2844 danstantlnopolltanh
1180 2779 1350 2824 eoncessum
1365 2761 1475 2825 lnellto

632 2871 748 2934 douln
764 2869 886 2934 henrico
904 2871 1037 2934 baudnlo
1053 2869 1134 2933 brol.

696 3015 726 3067 Α.
744 3013 769 3066 d.
786 3013 864 3074 troo,
881 3029 914 3066 nr.
927 3013 1072 3066 Novembri.

378 3139 470 3205 biber
486 3139 577 3205 Albus
593 3141 645 3205 iol.
664 3141 705 3206 17
722 3163 786 3226 sqq.
811 3141 903 3204 biber
919 3141 1077 3204 Paetorum
1092 3141 1113 3215 l,
1133 3141 1182 3205 sol.
1203 3139 1280 3204 ll8v
1297 3161 1363 3225 sqq.

379 3251 494 3316 Primus
518 3249 614 3315 edidit
637 3249 808 3314 lllarinus
831 3252 860 3314 iu
883 3253 982 3318 storia
1006 3254 1099 3318 etoile
1121 3259 1152 3317 ct
1172 3253 1307 3341 politico
1324 3253 1379 3316 dcl
1392 3273 1479 3317 com·

291 3361 407 3428 morcio
423 3361 473 3426 do'
493 3361 665 3434 Venerioni,
684 3361 778 3426 'l'ouro
794 3361 840 3433 lll,
859 3383 888 3445 p.
902 3361 967 3426 310
984 3381 1049 3448 sqq.
1059 3385 1069 3436 ;
1086 3361 1194 3425 deinde
1210 3381 1263 3423 uos
1275 3362 1304 3424 in
1319 3361 1477 3446 symbolis

290 3471 420 3541 criticis,
441 3470 657 3556 geographiam
681 3469 875 3552 Byzantiuam
898 3471 1104 3556 spectantibus
1133 3469 1387 3558 (hbhaudluugen
1416 3469 1475 3534 der

290 3579 318 3644 lr.
336 3579 534 3664 baperischen
551 3578 712 3644 dhedemie
729 3580 785 3644 der
796 3579 1068 3654 Wisseuschalteu,
1086 3579 1190 3644 Classe
1206 3578 1253 3656 lll,
1272 3577 1422 3644 uolumine
1438 3579 1474 3650 V,

291 3687 425 3754 sectione
441 3688 475 3764 ΙΙ,
492 3687 559 3773 lll).
584 3689 649 3753 dam
668 3687 704 3753 de
720 3689 776 3752 hoc
793 3689 886 3752 altera
904 3689 1050 3762 editione,
1075 3709 1160 3776 quam
1182 3707 1337 3774 paramus,
1360 3688 1475 3752 omissa

291 3797 467 3884 praelatione
491 3795 601 3882 prioris
624 3797 777 3871 editionis,
803 3799 926 3884 paucula
948 3799 1158 3882 praemonenda
1176 3797 1320 3865 videntur.
1346 3797 1419 3862 Cum
1438 3799 1476 3862 ad

292 3906 439 3972 edendum
460 3906 555 3971 Alenii
580 3905 617 3970 lll
642 3907 833 3991 Imperatoris
861 3907 1065 3992 privilegium,
1093 3907 1171 3993 quad
1200 3905 1329 3991 priorem
1358 3913 1476 3990 partem

293 4018 501 4105 symbolarum
514 4015 678 4090 constituit,
692 4023 811 4080 nosmet
823 4019 1049 4098 accingeremur
1068 4015 1111 4103 (a.
1121 4011 1243 4103 1846),
1255 4022 1371 4101 praeter
1385 4015 1481 4080 blari-

293 4129 408 4192 niauam
426 4145 546 4212 operam
563 4125 604 4189 nil
621 4125 707 4190 uobis
724 4125 850 4191 subsidii
872 4127 1068 4212 suppetebat;
1091 4145 1157 4210 quae
1180 4131 1277 4188 umen
1299 4131 1378 4188 tauta
1401 4125 1480 4189 leri-

292 4239 364 4302 tatis
387 4256 545 4324 rerumque
567 4235 793 4321 byzantinorum
817 4237 991 4320 ignorantiae
1009 4235 1137 4317 vestigia
1159 4253 1220 4318 prae
1237 4255 1271 4298 se
1288 4233 1423 4310 ferebat,
1447 4241 1482 4300 ut

293 4347 338 4411 rel
356 4345 445 4410 hodie
461 4348 610 4422 miremur,
635 4365 727 4432 quare
751 4351 813 4410 tum
837 4347 979 4430 temporis
1000 4345 1089 4408 istam
1104 4363 1206 4408 curam
1227 4343 1476 4428 propositumque

295 4477 352 4520 non
378 4476 500 4539 prorsus
524 4455 731 4539 abjecerimus.
754 4454 845 4519 Forte
864 4459 964 4518 tamen
982 4454 1099 4520 fortuna
1122 4453 1246 4528 accidit,
1271 4458 1303 4516 ut
1324 4452 1479 4536 inopinato

294 4565 579 4632 Sobatarilrii
622 4565 810 4630 celeberrimi
847 4563 954 4630 auxilio
987 4565 1166 4648 juvaremur.
1215 4559 1480 4648 Corruptissimam
