3110 5080
378 314 471 368 luuoc.
486 313 517 369 lll
531 329 619 368 sessu.
634 331 671 368 so
683 329 769 368 narse.
791 313 889 368 Soass.
904 329 965 367 ure.
1184 303 1258 374 43⁷

84 484 266 579 apostolica
294 484 398 558 Sedes
425 485 668 578 crucesignatis
697 485 845 568 indulsit,
873 484 1048 569 immunes,
1077 484 1129 578 qui
1154 491 1261 556 terras

83 610 344 684 Christianorum
364 613 515 684 invadere
540 611 590 684 vel
615 613 745 684 laedere
770 619 1014 706 attemptarent,
1040 611 1100 682 nisi
1125 611 1175 682 vel
1199 612 1261 706 ipsi

83 761 199 810 eorum
227 741 289 811 iter
316 743 465 834 nequiter
489 741 698 836 impedirent,
726 741 775 812 vel
802 740 862 812 alia
886 739 976 830 justa
1001 739 1051 838 vel
1075 740 1260 810 necessaria

82 887 185 936 causa
203 867 314 937 forsan
334 873 540 950 occurreret,
567 875 702 962 propter
721 889 813 961 quam
832 866 917 937 aliud
937 887 1056 958 agere,
1082 865 1260 936 accedente

81 993 220 1066 consilio
240 995 440 1089 apostolicae
457 994 553 1064 Sedis
574 994 708 1090 Legati,
733 994 895 1075 ualerent,
922 991 1258 1062 excommunicationis

80 1120 276 1191 sententiam
301 1123 506 1194 incurrerant
530 1121 599 1214 ipso
623 1091 731 1204 iacto,
756 1143 881 1214 nosque
900 1118 1105 1214 postmodum
1125 1118 1258 1190 absolu·

78 1248 202 1318 tionem
221 1247 303 1320 illam
322 1251 530 1321 nuntiavimus
550 1249 666 1321 nullam
685 1274 772 1334 esse,
792 1271 885 1344 quam
900 1271 919 1318 a
935 1246 1028 1317 uobis
1041 1271 1078 1318 sc
1092 1247 1258 1341 accepisse

79 1374 279 1458 credebaut,
306 1401 379 1448 cum
404 1379 596 1450 seutentiam
623 1377 827 1471 apostolicae
843 1375 938 1446 Sedis
962 1383 1094 1469 praeter
1113 1375 1257 1446 auctori·

79 1507 181 1572 tatem
201 1502 300 1595 ipsius
319 1503 425 1574 nullus
443 1505 546 1599 possit
564 1507 693 1598 penitus
711 1503 869 1575 relaxare.

172 1627 328 1700 volentes
346 1637 454 1701 autem
472 1631 519 1701 eis
539 1631 569 1701 in
590 1630 686 1724 hujus
705 1630 908 1702 necessitatis
924 1628 1060 1700 articulo
1075 1627 1256 1708 subvenire,

83 1753 206 1826 dilecto
232 1755 297 1828 filio
324 1764 455 1840 nostro,
481 1757 620 1850 P[etro]
646 1757 729 1829 tituli
758 1757 862 1828 sancti
890 1755 1033 1828 Marcelli
1060 1755 1256 1849 Presbytero

80 1881 262 1980 cardinali,
287 1882 486 1978 apostolicae
513 1883 609 1955 Sedis
633 1887 777 1978 begam,
803 1883 948 1954 dedimus
970 1883 1001 1953 in
1020 1883 1195 1966 mandatis,
1221 1888 1257 1952 ut

79 2031 142 2100 per
160 2031 197 2078 se
216 2007 265 2080 vel
286 2009 380 2080 alium
400 2011 500 2081 virum
515 2011 702 2098 discretum,
721 2019 854 2106 recepte
869 2009 1028 2104 juratoria
1048 2009 1197 2080 cautione
1215 2007 1254 2080 ab

76 2133 157 2218 biis,
184 2137 237 2228 qui
256 2137 397 2208 nondum
412 2139 602 2232 juraverant
619 2140 741 2210 uostris
760 2147 848 2210 stare
868 2137 1045 2222 mandatis,
1071 2143 1105 2208 et
1123 2138 1256 2208 eouies·

76 2261 170 2331 sione
185 2253 325 2348 illorum,
346 2266 397 2358 qui
413 2263 573 2356 jurarant,
593 2268 713 2350 audita,
734 2267 818 2362 quod
834 2269 1119 2358 recognoscerent
1131 2262 1255 2334 scilicet

77 2411 114 2459 se
133 2389 243 2460 taliter
257 2389 429 2482 juravisse,
450 2393 661 2465 absolutionis
681 2394 728 2464 eis
746 2393 937 2465 beneficium
957 2391 1137 2463 exhiberet.
1168 2391 1255 2461 luter

79 2522 192 2586 cetera
218 2539 313 2601 aero,
339 2542 422 2613 quae
444 2519 506 2616 sub
531 2520 641 2592 debito
663 2519 837 2612 juramenti
863 2517 1002 2590 mandati
1029 2517 1253 2612 praecepimus

76 2643 245 2728 absolutis,
261 2645 324 2716 boc
336 2667 395 2716 nos
406 2647 602 2718 meminimus
616 2647 826 2742 expressisse,
843 2655 877 2718 ut
892 2647 932 2716 de
947 2653 1060 2718 cetero
1071 2668 1088 2715 a
1100 2645 1253 2716 similibus

76 2771 205 2863 penitus
219 2755 418 2844 abstinentes
431 2781 536 2845 terras
547 2775 813 2858 Christianorum,
830 2775 890 2844 nisi
906 2797 943 2844 ex
957 2771 1132 2867 praedictis
1146 2771 1253 2842 causis

77 2906 111 2968 et
129 2899 189 2969 sub
205 2899 389 2970 conditione
408 2901 597 2994 praemissa,
617 2901 770 2972 invadere
790 2899 838 2971 vel
857 2899 987 2970 laedere
1002 2920 1069 2970 uon
1083 2897 1250 2969 auderent.

168 3025 377 3096 Postmodum
396 3049 487 3109 vero,
511 3051 584 3098 cum
603 3027 747 3098 Comites
766 3034 800 3098 et
817 3029 963 3098 Bnroues
983 3050 1043 3120 per
1063 3049 1138 3096 suas
1157 3025 1252 3096 uobis

77 3149 188 3220 literas
209 3151 422 3236 intimassent,
450 3153 538 3246 quod
560 3157 652 3247 juxta
672 3154 854 3225 mandatum
874 3159 1020 3224 nostrum
1039 3152 1251 3223 absolutionis

76 3277 205 3348 lucrant
230 3277 418 3349 beneficium
444 3281 600 3364 assecuti,
628 3287 661 3351 et
684 3281 770 3374 quod
796 3281 935 3350 universi
960 3280 1100 3351 Comites
1125 3287 1159 3348 et
1186 3277 1250 3350 duo

78 3405 224 3476 barones
251 3405 291 3475 ad
316 3405 576 3478 satisfaciendum
591 3409 684 3500 juxta
703 3407 884 3477 mandatum
903 3413 1048 3477 nostrum
1074 3429 1171 3498 super
1197 3427 1249 3488 eo,

77 3531 165 3626 quod
184 3531 269 3625 apud
287 3533 436 3603 Jaderam
456 3535 649 3604 senteutiam
669 3533 1009 3605 excommunicationis
1032 3533 1247 3616 incurrerant,

79 3681 136 3751 per
160 3665 310 3752 patentes
336 3659 445 3730 literas
471 3683 509 3731 se
534 3683 572 3730 ac
600 3683 678 3731 suos
707 3659 932 3753 obligaverant
960 3643 1189 3743 successores,
1218 3659 1250 3729 iu

77 3786 190 3868 literis,
212 3809 290 3878 quas
303 3787 381 3879 ipsis
395 3788 584 3871 remisimus,
600 3787 779 3858 notavimus
794 3787 857 3859 boc
873 3811 1025 3881 expresse
1034 3781 1076 3880 ¹),
1093 3795 1128 3858 ut
1144 3786 1250 3856 nullus

79 3937 191 3984 eorum
218 3913 277 3983 sibi
302 3920 426 3984 temere
446 3913 656 3998 blandiretur,
685 3915 772 4009 quod
791 3921 911 3985 terram
931 3915 1130 3985 Graecorum
1150 3937 1251 3984 occu·

76 4063 153 4131 parc
172 4039 231 4108 sibi
257 4039 304 4109 vel
329 4041 477 4134 praedari
502 4041 634 4124 liceret,
661 4049 812 4134 tauquam
833 4041 935 4112 minus
954 4041 1153 4136 apostolicae
1172 4040 1249 4110 Sedi

76 4165 240 4249 devotam,
274 4173 307 4236 et
334 4167 421 4260 quod
455 4167 632 4262 imperator
671 4168 1065 4262 constantinopolitanus,
1099 4165 1248 4260 deposito

74 4291 173 4361 tratre
192 4314 252 4361 suo
272 4299 306 4362 et
324 4291 419 4362 etiam
438 4301 623 4379 excaecato,
649 4296 817 4389 lmperium
837 4302 1020 4390 usurparat,
1041 4316 1244 4366 cumeorum

75 4439 138 4488 nou
172 4423 260 4488 esset
288 4419 328 4488 de
356 4419 499 4512 ipsorum
527 4421 676 4514 judicare
705 4422 849 4506 delictis,
883 4448 944 4494 nec
972 4423 1012 4494 ad
1042 4421 1104 4492 boe
1135 4421 1248 4490 Crucis

100 4572 124 4642 ¹)
143 4573 198 4629 co.
212 4589 291 4644 supra
304 4534 437 4645 pap—liti.
