3120 5078
1394 11 1556 149 Ἷ

286 371 365 442 294
567 379 660 433 linem
672 379 835 434 Brasnrmr
850 393 903 432 rsa
916 377 1049 432 Francos
1063 391 1192 429 arensis.

282 551 400 624 Milites
420 551 509 644 regis
524 549 712 643 alogiorum
728 550 918 644 episcopum
933 547 1178 630 belvacensem,
1195 541 1481 636 consanguineum

283 680 374 774 regis
394 679 610 759 Francorum,
637 683 807 770 ceperum,
834 683 868 747 ct
893 675 978 769 apud
997 673 1240 767 Rotbomagum
1266 693 1341 743 eum
1361 675 1480 740 custo·

285 805 359 876 diae
379 803 614 896 manciparunt.
644 804 802 874 lnstinctu
817 826 948 898 quoquc
967 807 1001 872 ct
1019 799 1289 896 promissionibus
1309 803 1343 868 et
1362 820 1481 867 mune·

285 932 375 1002 ribus
394 932 485 1023 regis
506 921 688 1021 Anglorum
718 928 894 1000 Balduinus
920 951 1067 1024 quoque,
1093 927 1342 998 Flandrensium
1364 947 1480 994 comes

285 1064 320 1129 et
352 1056 559 1138 Harmoniae,
593 1078 708 1148 regem
741 1054 900 1124 Franciae
932 1053 1129 1146 derelinquit
1155 1059 1191 1125 et
1218 1053 1290 1145 regi
1319 1050 1482 1122 adhaeret

283 1183 488 1276 Anglorum,
530 1181 604 1274 quia
637 1204 767 1274 semper
795 1179 910 1252 Gallici
946 1179 1159 1274 versipelles,
1191 1187 1226 1250 et
1262 1179 1481 1272 despectione

284 1309 415 1380 nimium
446 1307 710 1400 obloquebantur
741 1306 784 1375 de
815 1305 1003 1401 Flamingts.
1046 1307 1091 1377 Et
1122 1306 1300 1378 Balduinus
1333 1305 1481 1376 collecto

285 1435 431 1506 exercitu
461 1435 598 1528 copioso
627 1455 688 1528 per
721 1455 843 1527 pagum
871 1433 1118 1505 ‘bernacensem
1146 1439 1180 1503 et
1205 1433 1480 1503 cameracensem

281 1561 450 1646 incedens,
471 1560 579 1630 omnia
594 1559 742 1653 ejusdem
760 1559 837 1654 pagi
852 1559 986 1632 castella
1001 1560 1101 1656 cepit,
1121 1559 1234 1654 sicque
1254 1557 1296 1628 ad
1315 1559 1481 1630 civitatem

281 1687 548 1760 Attrebatensem
561 1686 755 1780 perveniens
767 1709 837 1758 eam
853 1710 872 1758 a
886 1693 982 1780 parte
997 1685 1146 1758 orientali
1160 1683 1302 1756 obsedit.
1317 1683 1478 1756 Secundo

282 1813 483 1884 obsessionis
503 1812 556 1882 die
574 1813 683 1886 subito
704 1812 779 1884 inde
798 1815 949 1886 recessit
965 1815 1010 1886 At
1024 1813 1191 1907 Philippus
1204 1812 1380 1894 Franciae,
1396 1811 1480 1882 haec

282 1939 419 2011 audiens
433 1945 467 2010 et
480 1939 615 2034 indigne
633 1940 757 2023 ferens,
777 1961 851 2010 cum
870 1963 988 2032 magna
1007 1939 1153 2033 equitum
1171 1944 1206 2009 et
1223 1937 1373 2031 peditum
1392 1937 1479 2008 mul·

279 2065 420 2137 titudine
437 2065 621 2150 mandens,
648 2065 736 2159 apud
754 2065 883 2150 Ariam,
908 2066 1029 2137 llumen
1047 2065 1172 2149 bisiae,
1198 2071 1321 2136 terram
1340 2063 1481 2136 Comitis

280 2198 466 2262 vastaturus
486 2191 628 2263 intravit.
648 2191 718 2262 Sed
733 2191 925 2285 quibusdam
944 2193 1130 2265 infortuniis
1148 2196 1258 2263 tactus
1278 2189 1481 2284 colloquium

282 2342 355 2390 cum
374 2319 502 2390 Comite
521 2315 634 2390 habuit
653 2323 744 2390 extra
758 2317 889 2414 Ypram‚
909 2321 1010 2391 etsie
1029 2321 1153 2392 infecto
1173 2318 1309 2414 negotio
1329 2317 1432 2389 rediit
1449 2319 1481 2388 in

280 2452 403 2516 terram
422 2467 524 2529 suam,
545 2443 665 2530 multis,
686 2445 740 2539 qui
759 2445 933 2518 adventum
952 2447 1023 2518 eius
1042 2445 1313 2528 formidaverant,
1333 2445 1481 2516 irrideu-

280 2571 367 2644 tibus
392 2572 605 2644 inefficaciam
631 2578 666 2642 et
689 2573 764 2665 ejus
787 2571 981 2646 discessum.
1008 2576 1127 2646 Comes
1141 2573 1318 2644 balduinus
1333 2579 1482 2644 castrum

282 2699 386 2769 sancti
410 2697 589 2769 Andomari
615 2699 756 2791 quinque
782 2699 1059 2771 hebdomadarum
1083 2699 1256 2772 obsidione
1282 2699 1421 2782 clausit,
1449 2705 1483 2768 et

151 2893 153 2900 .
283 2847 367 2918 rege
384 2825 604 2908 Francorum,
630 2823 798 2919 Philippo,
822 2825 944 2896 nullmn
967 2827 1098 2896 serente
1120 2825 1335 2920 praesidium,
1362 2831 1482 2920 utpote

286 2973 359 3022 cum
385 2975 404 3022 a
428 2949 588 3035 Ricardo,
616 2949 799 3044 Anglorum
825 2973 925 3046 rege,
956 2951 1129 3048 plurimum
1157 2951 1364 3036 arctabatur,
1393 2953 1483 3046 cepit

283 3075 446 3148 redditum
467 3079 536 3148 sive
557 3077 708 3148 obtinuit.
738 3075 895 3149 brienses
918 3077 979 3148 sibi
999 3077 1216 3150 reddiderunt
1236 3103 1273 3150 se
1300 3081 1423 3172 sponte
1449 3077 1482 3146 in

282 3225 379 3275 manu
405 3201 491 3275 illius
519 3225 604 3276 anno
633 3203 834 3276 Moxuvlu.
873 3206 1005 3278 Interim
1033 3229 1091 3276 rex
1117 3205 1302 3302 Anglorum
1337 3204 1481 3298 stipatus

281 3327 487 3399 multitudine
519 3330 655 3400 militum
686 3329 782 3401 irruit
808 3355 911 3426 super
941 3355 1056 3425 regem
1085 3335 1310 3414 Francorum,
1344 3339 1479 3402 euntem

281 3455 472 3526 Gisortium.
515 3454 572 3526 llle
599 3477 679 3525 vero
708 3479 783 3526 cum
813 3459 880 3529 suis
907 3457 1067 3530 festinans
1100 3461 1313 3532 munitionem
1341 3460 1480 3541 intrare,

282 3579 388 3651 tracto
404 3587 518 3674 ponte,
540 3581 571 3650 in
585 3579 717 3652 fluvium
731 3577 851 3653 dicitur
865 3583 1042 3666 cecidissc;
1062 3587 1122 3657 sed
1137 3592 1304 3658 extractus
1318 3592 1371 3656 est
1390 3585 1479 3667 inde,

282 3705 429 3798 pluribus
448 3713 556 3778 tamen
576 3705 618 3777 de
637 3707 705 3778 suis
725 3707 941 3781 nobiliordrus
960 3709 1076 3806 captis.
1097 3711 1280 3807 Statimque
1294 3735 1353 3782 rex
1372 3713 1480 3783 Fran·

282 3855 397 3903 corum
416 3835 594 3904 exercitum
614 3856 826 3928 congregans
844 3837 1028 3931 copiosum,
1047 3843 1171 3909 terram
1185 3837 1384 3909 Normaniae
1399 3837 1480 3910 vici-

284 3981 357 4028 nam
381 3963 492 4030 terrae
516 3981 597 4029 suae
623 3957 774 4030 incendio
799 3967 835 4033 et
858 3961 981 4057 rapinis
1007 3963 1168 4036 devastat.
1204 3962 1371 4035 Mediante
1402 3987 1480 4035 vero

283 4085 383 4154 Petro
410 4083 566 4154 cardinali
592 4081 625 4156 in
649 4084 788 4157 vialata
813 4093 847 4158 et
872 4089 1074 4183 apostolicae
1103 4091 1193 4160 sedis
1220 4089 1354 4182 legato,
1384 4091 1480 4162 datae

284 4215 361 4280 sunt
378 4215 518 4303 treugae
536 4209 623 4280 inter
641 4233 752 4302 reges¹
774 4211 938 4286 Ricardus
957 4239 1037 4286 rero
1058 4239 1115 4286 rex
1133 4215 1292 4288 obsidens
1311 4216 1480 4287 castellum

283 4335 447 4426 quoddam
466 4335 596 4407 comitis
610 4335 868 4424 Lemovicensis‚
888 4342 943 4433 qui
957 4364 977 4412 a
993 4365 1030 4412 se
1044 4351 1243 4424 recesserat,
1258 4341 1347 4436 quod
1363 4343 1478 4438 appel-

283 4460 352 4531 lant
369 4459 543 4546 Saluutbs,
568 4461 689 4533 ibidem
714 4465 836 4557 sagitta
860 4465 1049 4539 vulneratus
1078 4475 1184 4540 estet
1204 4467 1389 4539 defunctum.
1421 4467 1479 4540 (lui

284 4586 389 4656 trater
414 4585 487 4678 ejus
505 4587 674 4658 lohannes
700 4593 865 4662 successit
887 4593 920 4662 in
945 4616 1063 4688 regno.
1094 4593 1139 4666 At
1163 4593 1339 4666 Balduinus
1360 4595 1479 4668 Comes
