3130 5078
412 369 506 426 Erras.
520 369 605 426 nuova
620 369 726 426 larvas.
740 367 941 425 ramuselli.
1186 355 1262 430 523

87 543 251 613 Romanae
281 539 449 612 Ecclesiae
477 546 511 612 et
539 539 793 612 Christianitatis
820 540 1006 634 proditores
1026 537 1263 618 dislidavimus;

86 669 216 763 quibus,
226 667 351 739 scilicet
361 673 454 760 patre
464 673 497 738 et
509 665 588 750 tilio,
603 689 664 760 per
674 666 874 738 Graecorum
886 666 1106 760 proditionem
1116 665 1266 736 extinctis

84 795 220 888 aliisque
239 793 407 866 Graeculis
426 793 621 878 sublimatis,
651 797 850 866 Graecorum
876 795 1073 864 sustinentes
1098 791 1264 863 molestias

87 929 121 994 et
135 921 361 993 infestationes
375 920 536 1004 assiduas,
559 927 626 992 tam
645 943 704 1015 per
717 943 805 992 mare
823 920 1016 992 mittentium
1030 919 1072 990 ad
1090 943 1151 990 nos
1166 941 1263 989 naves

87 1071 263 1130 accensas,
288 1053 324 1119 ut
343 1055 489 1119 nostrum
509 1048 669 1140 navigium
688 1045 933 1129 comburerent,
960 1053 994 1117 et
1012 1046 1163 1117 diuturna
1181 1043 1266 1116 bella

88 1176 312 1259 inserentium,
340 1197 434 1268 quam
453 1197 512 1269 per
530 1180 651 1244 terram
669 1173 776 1245 multis
796 1174 955 1268 variisque
974 1173 1096 1258 modis,
1122 1195 1268 1243 commu·
1301 1228 1305 1236 .

86 1305 196 1375 niceto
215 1301 351 1374 consilio
371 1301 511 1371 omnium
530 1299 724 1372 clericorum
743 1305 776 1371 et
794 1297 951 1370 laieorum
975 1299 1157 1384 exercitus,
1185 1321 1267 1370 con-

23 1521 27 1530 ,
89 1427 294 1500 ventionibus
302 1419 333 1520 ¹)
354 1425 545 1521 quibusdam
563 1427 649 1498 inter
668 1450 729 1498 nos
748 1432 783 1497 et
801 1427 889 1520 ipsos
908 1425 1107 1520 praemissis,
1127 1425 1213 1496 sieut
1231 1447 1270 1494 ex

89 1564 209 1628 tenore
237 1553 370 1650 exempli
403 1553 561 1625 dictarum
598 1553 786 1649 pactionum
818 1555 972 1624 sanctitas
1005 1558 1113 1624 vestra
1145 1551 1268 1646 poterit

90 1681 210 1753 clarius
230 1702 447 1776 cognoscere,
466 1679 628 1750 civitatem
644 1679 1034 1776 Constantinopolitanam
1053 1677 1093 1749 ad
1111 1679 1270 1748 honorem

89 1808 150 1880 Dei
171 1814 205 1879 et
228 1813 362 1878 sanctae
380 1807 545 1879 Romanae
563 1805 730 1878 Ecclesiae
749 1814 783 1878 et
802 1806 1053 1878 Christianitatis
1079 1804 1269 1876 subventio-

89 1957 163 2006 nem
196 1933 397 2006 decrevimus
431 1931 675 2017 debellandam
709 1933 813 2028 quod,
847 1939 880 2004 et
912 1931 1031 2005 Christi
1063 1931 1268 2026 suffragante

87 2059 325 2144 misericordia,
359 2065 534 2153 vestroque
566 2059 703 2144 merito,
742 2065 921 2154 nostroque
960 2059 1127 2130 laborioso
1161 2057 1269 2130 studio

87 2189 265 2282 praecipue
298 2209 378 2280 prae
413 2187 532 2258 ceteris
559 2185 738 2258 viventibus
777 2192 892 2258 contra
922 2187 1061 2258 omniurn
1090 2185 1272 2280 opinionem

89 2313 274 2409 perlectum
294 2319 356 2384 est.

179 2441 282 2533 Capta
310 2439 409 2533 igitur
434 2437 562 2510 civitate
588 2438 749 2532 meritaque
773 2443 887 2532 strage
905 2439 1106 2510 Graecorum
1125 2440 1270 2510 interve-

84 2569 214 2650 niente,
234 2565 420 2650 llarcollus,
439 2565 493 2661 qui
513 2571 591 2638 tunc
608 2572 679 2636 erat
698 2565 888 2660 lmperator,
909 2590 981 2638 curn
996 2569 1062 2638 suis
1076 2567 1271 2661 sequacibus

92 2693 280 2765 decivitate
299 2691 437 2786 aufugit,
457 2697 491 2762 et
509 2693 686 2764 secundum
704 2693 788 2763 inter
807 2717 867 2764 nos
886 2693 1043 2787 scripturn
1062 2694 1273 2764 constitutum
1376 2717 1378 2723 ’

92 2829 127 2892 et
145 2825 383 2892 sacramentum
403 2819 655 2913 adimplevimus.

179 2948 369 3041 Cognoscat
384 2948 484 3040 igitur
494 2949 648 3019 sanctitas
664 2953 783 3032 vestra,
799 2947 886 3044 quod
901 2971 966 3042 ego
981 2971 1044 3020 una
1059 2969 1132 3019 cum
1147 2945 1271 3018 Veneto

85 3075 227 3172 populo,
247 3073 400 3170 quicquid
418 3074 567 3159 lecimus,
588 3075 629 3145 ad
648 3075 806 3146 honorem
826 3075 885 3146 Dei
906 3081 939 3146 et
958 3082 1091 3147 sanctae
1110 3075 1274 3146 Romanae

86 3203 259 3274 Ecclesiae
279 3207 312 3274 et
331 3210 472 3273 vestrum
491 3201 724 3287 laboravimus,
750 3201 834 3272 etin
854 3209 967 3274 nostra
987 3201 1152 3274 voluntate
1171 3201 1273 3272 habe-

88 3355 171 3412 rnus,
192 3330 337 3401 similiter
351 3329 513 3400 laborare.
535 3329 627 3401 Unde
646 3329 793 3425 supplico
814 3332 976 3402 sanctitati
997 3336 1135 3412 vestrae,
1156 3336 1273 3424 quate-

93 3483 155 3528 nus
174 3457 361 3552 petitiones,
383 3481 462 3550 quas
482 3457 583 3528 nuntii
602 3456 681 3540 mei,
702 3457 759 3527 viri
779 3457 904 3530 nobiles
924 3464 958 3528 et
977 3457 1127 3542 disereti,
1147 3457 1274 3528 seilicet

90 3584 283 3656 Leonardus
310 3583 535 3677 Naugaiosus,
566 3584 703 3655 dilectus
733 3608 823 3656 meus
853 3607 974 3680 nepos,
1004 3592 1037 3656 et
1061 3585 1208 3656 Andreas
1234 3584 1275 3655 de

91 3711 226 3796 llulino,
250 3735 333 3808 quos
352 3709 393 3782 ad
418 3709 521 3806 pedes
548 3719 675 3784 vestrae
694 3714 875 3784 sanctitatis
897 3713 1155 3796 transmittimus,
1182 3713 1274 3782 lece·

92 3842 174 3923 rint,
206 3841 347 3934 benigne
382 3839 532 3912 exaudire
567 3839 718 3932 dignetur
752 3848 859 3911 vestra
892 3840 1047 3911 sanctitas
1076 3846 1110 3910 et
1142 3839 1275 3910 effectui

92 3969 289 4064 mancipare.
313 3953 317 3972 ¹

121 4284 148 4357 ¹)
169 4287 454 4343 conventionibus
473 4289 555 4362 llapn.
569 4291 657 4349 rector
676 4285 965 4342 convenientibus
984 4284 1061 4358 craq.
