3110 5080
286 377 363 448 374
589 386 779 440 Pmrrssorurr
793 385 899 440 Leonrs
911 385 934 438 ΙΙ
947 383 1059 439 danum.
1073 399 1164 438 assus.

284 553 446 624 Comneno,
462 550 611 616 accidisse
628 553 756 616 constat.
782 551 824 614 Er
837 551 895 616 isto
908 551 977 616 inde
989 555 1124 636 tempore
1141 571 1216 614 nora
1231 568 1337 633 rogum
1352 547 1469 611 illorum

288 661 603 728 Cilica-Armeniorum
621 661 767 746 dynastia,
793 683 859 726 cum
877 661 1044 746 Pagratidis
1061 665 1198 744 cognata,
1215 677 1341 745 quorum
1358 659 1470 743 primus

285 774 426 858 Rupenus
443 771 609 844 dicebatur,
627 769 743 834 Graecis
760 777 910 858 utcunque
925 771 1061 856 parebat,
1079 771 1197 836 scilicet
1212 769 1361 834 clientelae
1378 767 1471 840 titulo,

288 883 374 946 modo
388 901 492 966 pacem
506 902 571 944 cum
584 881 758 945 Graecorum
770 879 1001 964 imperitioribus
1013 879 1138 952 habens,
1155 879 1241 942 modo
1254 878 1377 950 bellum,
1394 875 1471 961 quod

287 991 412 1056 maxime
429 990 467 1054 de
484 989 647 1053 Emanuele
664 987 815 1053 Comneno
832 989 1016 1074 Imperatore
1033 989 1120 1052 valet.
1138 987 1227 1053 Varia
1239 1007 1357 1071 quoque
1372 1005 1474 1048 eorum

287 1103 403 1165 fortuna
421 1099 487 1172 tuit,
504 1101 530 1162 si
542 1120 592 1163 res
606 1119 722 1163 coaevas
734 1101 900 1164 Turcarum
913 1099 1110 1164 iconiensium
1123 1103 1254 1182 spectes,
1271 1097 1473 1179 maximopere

288 1211 525 1276 Christianorum
550 1229 641 1274 cruce
663 1209 865 1292 signatorum,
889 1210 938 1293 qui
956 1207 1062 1272 eodem
1083 1213 1219 1293 tempore
1235 1213 1362 1283 terram,
1388 1227 1472 1292 quam

288 1321 400 1392 dicunt.
418 1325 550 1384 sanctam
567 1319 645 1382 inter
661 1319 759 1382 varias
777 1338 898 1382 casuum
914 1318 1139 1382 vicissitudines
1155 1319 1308 1382 tenebant.

377 1427 536 1494 Historiam
549 1427 635 1492 huius
648 1428 735 1508 regni
748 1427 872 1492 ulterius
886 1429 1027 1510 persequi
1040 1426 1167 1492 alienum
1177 1426 1214 1492 ab
1224 1429 1361 1490 instituto
1372 1431 1475 1490 nostro

289 1540 357 1614 rati,
375 1538 506 1600 lectores
524 1535 560 1600 ad
577 1538 689 1620 scripta
702 1537 837 1622 quaedam
853 1537 967 1622 potiora
986 1535 1169 1619 ablegamus.
1195 1537 1270 1601 Sunt
1287 1542 1388 1600 autem
1404 1538 1476 1600 ista:

288 1647 496 1710 Memoires
529 1646 778 1730 historiques
810 1651 847 1710 ct
877 1647 1202 1731 geographiques
1233 1667 1296 1710 sur
1326 1644 1476 1710 t'Arme-

289 1757 370 1829 nie,
407 1775 462 1840 par
490 1755 541 1820 St.
565 1755 714 1820 Martio.
748 1755 783 1818 T.
808 1757 829 1820 l.
873 1755 1071 1821 Vahram’s
1102 1756 1315 1821 Chronicle
1348 1756 1390 1819 ot
1415 1757 1478 1820 the

290 1865 492 1928 Armenian
521 1861 730 1944 Kingsdom
755 1865 789 1927 in
815 1862 957 1928 Cilicia
982 1865 1121 1947 during
1150 1865 1218 1928 the
1240 1867 1330 1929 time
1354 1863 1479 1928 ottho

290 1973 490 2037 Crusades.
517 1972 698 2035 'translated
721 1973 797 2036 from
820 1972 872 2037 ttre
896 1973 1022 2056 original
1040 1975 1198 2038 Armenian
1217 1973 1287 2036 with
1312 1977 1399 2036 notes
1423 1971 1479 2036 and

288 2083 487 2148 illustratione
501 2082 540 2167 by
553 2081 587 2145 C.
601 2081 633 2146 1⁴¹.
647 2081 674 2143 N
680 2101 843 2145 eumann.
863 2082 1101 2147 London1831.
1122 2082 1206 2146 Adde
1220 2081 1246 2145 b.
1264 2082 1481 2146 Witkeuum

289 2193 320 2256 in
340 2191 526 2255 Geschichte
544 2189 598 2254 der
617 2189 804 2271 Kreueettge.
818 2190 855 2254 Τ.
867 2190 927 2254 vn.
946 2191 1082 2275 Append.
1097 2212 1126 2274 p.
1141 2190 1285 2256 34-53.
1304 2192 1340 2256 G.
1360 2189 1482 2255 Cane-

287 2303 359 2366 stri
369 2302 403 2364 ni
420 2299 498 2366 detto
511 2299 661 2363 relacione
674 2319 833 2365 commerc.
847 2301 895 2366 dei
910 2299 1020 2364 Vener.
1034 2321 1091 2366 con
1108 2299 1266 2366 l'rtrmenia
1284 2306 1342 2365 etc.
1361 2299 1472 2390 (Arch.

290 2417 364 2476 stor.
390 2410 423 2475 lt.
450 2409 468 2472 Ι.
494 2409 514 2471 l.
537 2429 566 2493 p.
589 2409 654 2472 333
675 2407 771 2495 sqq.).
816 2411 1068 2482 Konstmann,
1101 2411 1228 2474 Studien
1260 2409 1337 2475 dber
1369 2411 1483 2476 Marino

293 2523 413 2586 Sanudo
431 2520 488 2583 den
505 2507 638 2592 ditesco,
663 2519 714 2581 mit
731 2519 828 2582 einem
846 2519 990 2602 Anhange
1006 2523 1109 2585 seiner
1126 2519 1356 2604 ungedructrten
1371 2521 1484 2585 Bricte.

294 2629 443 2695 Mttnchen
461 2627 559 2691 1855.

383 2739 473 2802 Fines
486 2737 573 2800 huius
586 2737 674 2820 regni
687 2737 760 2800 aiios
772 2738 830 2801 atio
843 2743 980 2823 tempore
995 2737 1102 2815 tuisse,
1119 2739 1166 2803 rix
1179 2745 1236 2809 est,
1253 2739 1334 2824 quod
1350 2737 1484 2804 lectores

294 2847 427 2913 historias
449 2847 540 2910 medii
561 2848 616 2910 aeri
640 2845 718 2910 haud
742 2847 863 2926 ignaros
879 2867 1060 2912 moneamus.
1084 2845 1172 2912 Unde
1188 2849 1214 2912 si
1231 2848 1261 2912 b.
1280 2847 1438 2912 Wiikenus
1455 2851 1484 2912 in

294 2959 394 3023 tabula
411 2956 617 3041 geographica
630 2957 716 3040 opert
728 2977 782 3020 suo
795 2955 851 3021 sub
864 2956 952 3021 tinem
963 2959 1035 3022 tomi
1048 2959 1166 3042 septimi
1182 2978 1297 3022 annexa
1313 2979 1399 3023 norm
1415 2959 1485 3024 huic

296 3069 441 3134 Armenia
453 3065 597 3151 panculas
608 3069 720 3130 tantum
733 3066 824 3130 urbes
841 3068 870 3130 in
883 3067 982 3134 Tauro
999 3075 1099 3132 monte
1111 3067 1194 3150 juxta
1206 3069 1365 3154 Pyramum
1375 3070 1485 3134 flumen

295 3179 386 3250 sitas,
414 3198 442 3240 e.
464 3196 493 3258 g.
517 3173 703 3238 Anazarbum
726 3181 757 3238 et
781 3174 997 3249 Maraschium,
1026 3177 1179 3259 assignat.
1206 3177 1290 3240 initia
1313 3177 1372 3241 hoc
1400 3181 1486 3260 regui

295 3286 493 3372 spectaverit,
520 3305 578 3348 noo
600 3283 798 3368 posteriorem
820 3285 953 3365 ejusdem
975 3283 1146 3362 historiam,
1170 3305 1236 3370 quae
1253 3291 1300 3350 est
1317 3287 1485 3351 seculorum

294 3397 366 3460 xffl.
390 3395 495 3467 xlffl.;
522 3393 608 3458 huius
634 3397 731 3456 autern
753 3393 898 3476 temporis
920 3393 1080 3477 diplomata
1108 3395 1383 3459 Veneto-Armenia
1407 3403 1485 3482 sunt.

296 3525 420 3591 quorum
437 3521 525 3567 unum
543 3505 574 3564 et
591 3501 713 3565 alterum
732 3505 832 3564 nostra
849 3501 915 3565 haec
931 3501 1079 3566 Collectio
1096 3501 1210 3585 publici
1223 3501 1301 3585 juris
1317 3503 1420 3568 saciet.

384 3611 576 3676 Emanuelem
592 3609 774 3674 Comnenum
788 3611 999 3694 Imperatorem
1011 3610 1039 3698 ¹)
1064 3611 1120 3676 sub
1142 3611 1230 3677 tinem
1253 3614 1341 3698 regni
1358 3615 1486 3700 riteque

296 3726 487 3809 improspere
517 3739 584 3785 com
612 3721 721 3785 Tuscis
750 3720 957 3786 lensiensibus
984 3723 1162 3797 dimicasse,
1195 3722 1320 3787 annales
1352 3724 1486 3788 historie

321 3884 332 3918 ¹
492 3897 505 3933 e
602 3899 616 3933 r
684 3883 712 3933 nt
818 3881 824 3894 '
1126 3884 1133 3898 '
1191 3884 1242 3898 ’⁸‘
1412 3888 1419 3899 '
1472 3916 1486 3928 ·

335 3880 1485 4048 titti.:tt‘ttttttittettittttt'llttlt'tttttitt

368 4061 524 4134 Beojsminis
536 4060 685 4116 Tudetitooi
698 4077 729 4115 ex
743 4061 857 4117 editions
870 4063 1033 4119 Constantini
1047 4066 1220 4138 t'Empereur.
1239 4068 1321 4139 Lugd.
1335 4067 1392 4124 Bet.
1408 4069 1486 4130 1633,

367 4171 429 4227 pag.
450 4155 499 4208 30:
528 4153 629 4207 Postea
650 4153 758 4208 duodus
778 4157 947 4210 stationibus
970 4157 1111 4213 Corsicam
1133 4160 1282 4234 profectus
1299 4177 1378 4224 mars,
1407 4161 1485 4218 iltius

369 4245 596 4302 Christianorum
608 4243 724 4300 ditionis
739 4245 869 4310 initium,
889 4263 951 4320 pute
963 4245 1100 4304 Armema
1112 4249 1229 4310 dicitur.
1247 4251 1356 4308 Ibidem
1373 4253 1486 4310 wass

368 4339 409 4392 est
422 4335 502 4404 repni
517 4333 590 4389 Turi
608 4334 843 4404 septimontio,
864 4337 913 4410 qui
923 4341 1033 4393 montes
1043 4339 1097 4396 eidi
1108 4341 1247 4412 subjectos
1265 4341 1356 4406 habet,
1374 4349 1486 4414 reynot-

368 4441 421 4498 (μισ
442 4423 481 4478 ad
498 4423 640 4481 civitatem
662 4441 747 4498 usque
766 4428 902 4484 Doctrinae
922 4432 949 4483 et
970 4429 1215 4500 Topormcnorum
1237 4433 1395 4502 cepionem,
1420 4452 1487 4508 quos

370 4513 479 4569 itureos
488 4517 595 4572 vocant.
609 4513 678 4572 Inde
687 4515 796 4573 duodus
806 4519 952 4575 itineribus
963 4519 1141 4577 Mnimistras
1153 4523 1212 4580 sive
1226 4523 1345 4579 Tharsis
1356 4525 1487 4581 institisse

369 4605 439 4670 sita‚·
453 4621 513 4678 pcc
525 4605 616 4662 adduc
627 4603 752 4674 tiliorum
761 4609 891 4674 donanis,
904 4627 972 4684 quos
982 4613 1094 4668 Grecos
1104 4611 1212 4679 dicum,
1221 4631 1306 4685 reparo
1316 4623 1485 4673 accensetur.
