3120 5078
334 354 525 408 Pauvruneruu
538 353 639 407 Auexu
653 352 686 406 lll
699 353 758 408 lun.
771 349 839 408 Vna.
853 369 1031 408 eoncessum.
1195 343 1271 416 277

180 525 354 620 lnsnper
372 531 405 596 et
424 525 517 595 aliam
536 525 732 619 peticionem
748 525 860 619 sepius
875 525 1070 596 declaratam
1084 526 1273 619 prudentis-

90 650 160 722 simi
187 650 290 744 legati
319 651 359 724 ad
390 673 496 722 meum
522 651 674 722 feceruut
700 652 873 744 Imperium
901 651 1108 724 iustissimam
1135 661 1169 724 et
1197 676 1271 726 uren

89 778 326 873 acceptabilem
351 778 501 874 imperio.
538 777 705 850 Petierunt
729 778 830 862 enim,
859 785 895 848 ut
920 777 1078 850 Venetieo
1106 780 1137 851 in
1167 779 1273 874 aliqua

88 906 230 1000 regione
257 906 385 1000 lmperij
416 906 476 976 mei
505 905 663 976 moriente
687 904 805 976 nullam
827 906 974 1000 praetori
1002 913 1091 978 terre
1118 907 1158 978 ad
1185 907 1272 979 bona

87 1035 235 1106 defuncti
255 1033 402 1106 Venetici
425 1033 497 1106 lieri
522 1033 763 1120 accessionem,
793 1036 888 1105 immo
914 1034 1091 1106 secundum
1118 1035 1271 1130 placitum

87 1161 207 1232 Veneti
229 1161 374 1233 defuncti
394 1162 462 1232 eius
482 1161 711 1255 dispensentur
730 1185 797 1244 res,
822 1161 873 1233 uel
893 1161 933 1232 ab
952 1161 1023 1232 eius
1041 1161 1270 1236 fideicommis-

85 1289 197 1382 sarijs,
223 1287 251 1358 ei
276 1289 522 1360 testamentorie
549 1288 710 1382 cuntinffl't
730 1312 804 1360 eum
822 1287 959 1380 obijase,
983 1287 1036 1359 uel
1054 1289 1094 1359 ab
1113 1289 1189 1383 hijs,
1216 1291 1270 1384 qui

84 1417 313 1510 reperirentur
336 1423 413 1488 tune
438 1415 498 1500 ibi,
519 1415 691 1488 Veneticis.
720 1417 841 1488 Annuit
859 1417 958 1510 igitur
977 1417 1146 1512 Imperium
1165 1439 1270 1488 meum

84 1551 117 1614 et
136 1543 194 1614 tali
215 1565 330 1613 eorum
353 1542 526 1637 peticioni,
552 1547 585 1614 et
603 1566 663 1637 per
680 1567 817 1638 presens
835 1543 990 1638 scriptum
1008 1566 1089 1614 auro
1108 1545 1269 1639 signatum

83 1669 317 1764 chrysobolum
352 1669 488 1742 uerbum
526 1670 631 1742 iubet:
677 1671 752 1742 nulli
787 1671 818 1740 in
850 1677 921 1742 tnta
953 1672 1108 1742 Romania
1139 1670 1269 1766 aliquod

82 1797 262 1870 dominium
290 1798 472 1880 exercenti,
502 1797 571 1868 siue
598 1793 751 1892 pretor¹)
779 1799 942 1893 prouintie
966 1800 1024 1883 sit,
1053 1799 1124 1869 siue
1143 1799 1268 1872 uillicus

81 1925 268 2018 personalis
288 1925 340 1996 nel
360 1925 569 2019 monasterij‚
595 1931 651 1996 aut
673 1925 819 2018 ipsorum
844 1926 1027 1997 intimorum
1050 1934 1267 2019 cognatorum

80 2053 213 2147 lmperij
240 2053 319 2137 mei,
348 2061 382 2124 et
407 2055 552 2146 ipsorum
572 2053 667 2124 etiam
692 2053 948 2125 felicissimorum
966 2060 1266 2126 seuaatocratorum

79 2188 113 2252 et
133 2181 313 2264 Cosanum,
337 2181 389 2252 uel
410 2181 602 2252 dilectorum
620 2179 796 2252 liberorum
822 2181 951 2276 lmperij
977 2182 1057 2272 mei,
1086 2189 1141 2253 aut
1166 2184 1265 2276 ipsius

79 2309 294 2381 dilectissime
322 2331 393 2380 mee
420 2307 592 2402 Auguste,
626 2305 726 2378 licere
755 2307 819 2378 ullo
849 2307 945 2379 modo
978 2310 1009 2378 in
1035 2307 1266 2381 veneticorum

79 2436 314 2508 defunctorum
339 2458 394 2508 res
420 2457 533 2506 manus
558 2435 737 2518 inmittere,
764 2441 798 2506 et
822 2433 941 2528 aliquid
968 2459 1007 2506 ex
1031 2435 1078 2508 eis
1103 2438 1265 2530 usquead

78 2586 179 2636 unum
195 2563 325 2636 obolum
341 2564 503 2659 accipere,
518 2561 577 2633 sed
591 2563 712 2634 intacta
727 2563 856 2636 omnino
872 2563 1037 2634 custodire
1051 2569 1117 2634 tam
1136 2589 1154 2635 a
1169 2589 1264 2638 manu

1 2745 2 2796 4
79 2690 229 2774 dimoaii,
257 2715 351 2786 quam
369 2714 388 2761 a
407 2715 502 2762 mauu
527 2713 740 2785 personarum
759 2697 793 2760 et
816 2691 1086 2761 monasteriorum
1110 2696 1264 2785 potestati

1 2865 2 2870 κ
74 2815 1261 2914 defunetiuelprocuratorumeius,siueabiutestatoheredumcustodita.

173 2946 269 3018 Scire
288 2955 395 3019 autem
414 2951 562 3042 oportet:
591 2944 656 3030 ille,
682 2946 735 3037 qui
756 2967 855 3015 ausus
874 2945 972 3016 fuerit
990 2951 1107 3017 contra
1125 2971 1261 3041 presens

1 3129 2 3141 ,
75 3081 275 3169 preceptum
293 3075 421 3170 lmperij
442 3075 503 3146 mei
521 3073 645 3154 faeere,
665 3071 753 3168 quod
766 3073 798 3141 in
813 3073 1025 3168 quadruplum
1039 3073 1157 3146 reddet
1171 3077 1262 3148 abla-

1 3187 2 3190 ¹
76 3209 162 3286 tum,
182 3209 216 3274 et
233 3227 294 3296 per
309 3209 548 3299 competentem
566 3200 718 3296 punietur
736 3202 977 3296 correptionem
996 3207 1075 3273 tunc
1094 3204 1146 3274 uie
1164 3204 1264 3299 logo·

77 3327 174 3400 tbeta
205 3331 380 3415 existente,
415 3354 474 3402 seu
508 3351 628 3422 magno
657 3328 836 3423 logariasta
861 3327 933 3398 talis
965 3329 1095 3421 capituli
1121 3329 1264 3404 uindicte

77 3457 351 3552 superinuigilare
366 3457 518 3542 debente,
542 3462 576 3528 et
587 3455 763 3527 secundum
780 3477 914 3550 presens
930 3461 1118 3550 preceptum
1133 3461 1261 3555 Imperij

80 3585 145 3655 mei
164 3585 339 3656 uindictam
357 3587 480 3657 facere.
1020 3589 1024 3596 ’

171 3713 286 3784 Omnia
319 3713 436 3806 igitur,
475 3735 538 3806 que
570 3734 629 3806 per
665 3711 826 3806 presentis
863 3711 1052 3804 chrysoboli
1090 3715 1181 3784 uerbi
1221 3717 1261 3787 ab

78 3839 219 3934 lmperio
239 3862 312 3910 meo
331 3841 559 3922 corroborata,
579 3861 618 3910 ex
633 3839 737 3931 gratia
753 3837 871 3908 donata
885 3840 999 3934 generi
1020 3836 1260 3928 veneticorum,

75 3967 219 4060 imperio
245 3989 319 4040 meo
344 3966 618 4051 fidelissimorum,
646 3967 836 4060 incorrupte
860 3971 894 4036 et
922 3966 1076 4038 inmutato
1099 3970 1263 4044 custodita

74 4100 192 4178 erunt,
217 4117 389 4188 quousque
408 4100 442 4164 et
459 4092 607 4164 Venetici
632 4091 672 4163 ad
697 4092 865 4186 imperium
883 4116 989 4164 meum
1016 4099 1050 4166 et
1073 4097 1261 4170 Romaniam

74 4221 175 4292 fidem
209 4219 389 4292 seeundum
424 4244 479 4304 ea,
511 4243 575 4314 que
599 4219 639 4289 ab
668 4219 715 4288 eis
742 4224 836 4312 pacta
863 4226 897 4289 et
919 4219 1022 4291 iurata
1046 4229 1139 4306 sunt,
1171 4226 1261 4296 etin

74 4349 329 4444 supraordiuato
361 4349 484 4444 scripto
517 4347 838 4444 prudentissimorum
872 4348 1055 4443 legatorum
1083 4351 1260 4440 declarata,

75 4499 404 4512 -ι--ι

101 4557 131 4630 ¹)
150 4561 291 4632 praetor
311 4559 369 4622 bl’,
388 4558 460 4631 quod
474 4557 631 4629 eligendum.
