3120 5078
284 369 363 442 306
566 379 659 433 llaoru
672 379 836 434 Branurrnr
850 395 903 432 rsa
916 379 1048 434 Francos
1062 393 1191 434 ansero.

281 555 414 642 portum
430 551 574 643 cepimus
590 550 630 620 ad
646 552 770 620 firmam
785 557 908 620 terram
923 573 1037 620 versus
1049 541 1273 638 Cutarium¹);
1291 547 1346 640 qui
1361 551 1481 639 portus

282 677 428 748 distat'a
457 677 741 769 Constantinopoli
770 699 834 746 una
864 677 970 746 leuca.
1010 675 1131 747 lbidem
1160 675 1356 767 stupuimus,
1386 669 1481 741 ualde

281 804 479 874 admirantes
499 825 599 897 super
618 802 702 887 boc,
732 803 821 895 quod
840 825 937 873 nemo
957 803 1154 884 amicorum,
1180 823 1278 870 nemo
1305 805 1479 892 parentum

275 931 410 1021 juuenis
438 929 671 1024 Imperatoris,
707 931 759 1021 qui
789 929 961 998 nobiscum
990 936 1082 1009 erat,
1112 949 1172 996 seu
1200 925 1315 1019 aliquis
1344 923 1480 993 nuntius

280 1079 395 1126 eorum
413 1057 503 1126 venit
522 1057 563 1128 ad
582 1079 668 1138 eum,
689 1057 743 1148 qui
763 1057 793 1124 ei
814 1061 935 1126 statum
955 1052 1258 1146 Constantinopolis
1278 1049 1478 1120 declararet

280 1183 356 1254 Non
376 1205 485 1254 mora:
506 1183 689 1278 imperator
707 1181 881 1274 lmperium
896 1187 1015 1251 tenens
1030 1179 1113 1250 Duci
1124 1179 1265 1261 Veneto,
1285 1175 1480 1258 marchioni,

279 1312 391 1381 comiti
418 1310 630 1394 Flandrensi,
664 1310 776 1379 comiti
811 1309 1001 1379 Ludeuvico
1034 1313 1069 1376 et
1102 1307 1198 1377 nobis
1227 1305 1365 1374 nuncios
1394 1325 1476 1372 suos

279 1435 464 1506 destinavit.
506 1435 576 1505 Nos
607 1457 685 1504 vero
720 1441 888 1504 secretum
916 1435 1003 1503 inter
1030 1455 1092 1502 nos
1119 1434 1270 1502 ineuntes
1299 1427 1475 1500 consilium

278 1561 431 1647 diximus,
457 1563 545 1655 quod
571 1562 783 1656 Imperatoris
810 1562 948 1632 nuncios
967 1559 1153 1631 nullatenus
1173 1558 1382 1637 audiremus,
1411 1555 1475 1622 nisi

278 1688 368 1780 prius
395 1711 431 1758 se
456 1687 496 1758 ab
523 1683 724 1781 lmperiali²)
751 1688 909 1759 cathedra
935 1688 1119 1781 deponeret
1144 1685 1347 1777 maiestatis,
1380 1679 1479 1750 aliter

277 1815 384 1907 ipsum
409 1815 459 1884 rel
486 1814 558 1906 ejus
584 1815 722 1885 nuncios
746 1837 950 1906 nequaquam
975 1813 1252 1884 auscultaremus:
1281 1807 1478 1878 nolebamus

278 1941 375 2022 enim,
395 1941 484 2032 quod
505 1940 602 2010 Greci
622 1940 812 2010 muneribus
832 1963 894 2010 nos
912 1945 1116 2011 attentarent
1135 1938 1185 2007 vel
1206 1936 1383 2005 mollirent.

366 2065 500 2136 Interim
537 2065 748 2160 imperatoris
786 2067 948 2137 exercitus
981 2067 1014 2135 in
1046 2065 1159 2134 littore
1191 2063 1287 2132 nobis
1316 2060 1476 2153 opposito

276 2196 410 2284 paratus
439 2197 511 2262 erat
538 2192 632 2262 uobis
658 2193 831 2262 transitum
856 2191 1024 2276 inhibere,
1054 2191 1232 2262 ostendens
1259 2185 1479 2258 animositatis

276 2317 452 2409 imaginem
478 2317 648 2387 uobiscum
675 2317 847 2411 preliandi.
884 2319 981 2406 Quod
1008 2318 1160 2388 uidentes
1189 2316 1232 2385 ad
1259 2319 1480 2406 peccatorum

276 2449 465 2514 nostrorum
494 2435 762 2536 concurrimus⁸)
789 2445 1052 2529 confessionem,
1079 2445 1112 2514 in
1137 2443 1199 2512 Dei
1218 2441 1324 2510 solum
1343 2439 1478 2508 miseri-

276 2570 390 2640 cordia
411 2572 628 2642 confidentes.
648 2573 770 2642 Postea
787 2579 921 2642 nostras
942 2571 1163 2642 ordinauimus
1183 2590 1324 2661 pugnas.
1345 2564 1479 2634 bonus

276 2719 337 2766 uos
365 2721 477 2767 omues
503 2699 616 2768 armati
639 2699 828 2769 intravimus
854 2721 954 2770 nares
973 2690 1140 2789 usarias⁴)
1161 2703 1195 2766 et
1212 2693 1380 2788 galeidas,
1411 2715 1481 2784 que

275 2847 353 2893 vasa
381 2825 511 2917 navigio
540 2830 618 2919 apta
647 2824 723 2894 200
755 2849 892 2895 numero
920 2826 1073 2907 luerunt,
1102 2828 1217 2915 preter
1244 2818 1411 2889 naviculas
1443 2824 1481 2888 et

276 2949 409 3041 bargas.
440 2949 521 3019 Cum
541 2974 634 3034 uero,
661 2949 732 3021 Deo
754 2951 906 3035 ducente,
926 2950 1013 3022 ultra
1031 2951 1149 3020 luimus
1169 2946 1332 3040 applicati,
1357 2965 1479 3014 omnes

276 3075 388 3160 Greci,
409 3077 463 3168 qui
483 3085 721 3161 conuenerant,
748 3087 785 3148 ut
803 3079 976 3149 transitum
995 3077 1091 3148 nobis
1111 3073 1320 3168 impedirent,
1347 3072 1393 3142 ita
1414 3071 1477 3141 Dei

273 3203 381 3296 gratia
407 3203 547 3273 anobis
574 3203 790 3296 elongarunt‚
818 3203 907 3298 quod
932 3203 1074 3297 aliquem
1103 3223 1218 3272 eorum
1245 3201 1344 3270 ctiam
1362 3195 1478 3267 volatu

274 3329 396 3422 sagitte
425 3331 475 3398 rix
500 3331 663 3421 potuimus
690 3332 866 3422 attingere.
900 3329 980 3400 lndc
1006 3329 1210 3422 perreximus
1239 3324 1281 3395 ad
1308 3323 1475 3416 quandam

274 3455 390 3525 turrim
408 3456 629 3540 fortissimam,
651 3479 734 3550 quae
750 3457 889 3527 Galatha
908 3463 1129 3550 nuucrrpatur,
1149 3455 1261 3546 inqua
1279 3452 1475 3521 firmabatur

274 3586 392 3651 catena
411 3583 521 3652 ferrea
539 3603 660 3674 grossa
683 3583 800 3666 nimis,
824 3605 887 3676 que
907 3579 1015 3675 posita
1035 3601 1136 3674 super
1161 3581 1251 3672 ligna
1275 3584 1473 3647 transuersa

273 3729 362 3776 mare
380 3707 625 3790 transnatabat,
651 3708 818 3800 attingens
844 3731 947 3801 usque
967 3707 1008 3778 ad
1028 3730 1140 3777 muros
1160 3707 1312 3776 civitatis.
1344 3706 1471 3776 Calena

271 3831 325 3902 illa
343 3837 476 3924 portum
495 3831 665 3904 servabat:
688 3837 782 3927 juxta
797 3857 890 3928 quam
913 3857 1012 3904 naves
1033 3839 1068 3902 et
1086 3831 1218 3926 galeide
1238 3831 1379 3901 civitatis
1399 3853 1472 3900 eum

272 3958 385 4052 bargis
406 3965 518 4042 erant,
543 3959 647 4030 latere
667 3961 709 4030 ad
726 3960 813 4031 latus
834 3960 1028 4052 conjuncte,
1048 3961 1143 4030 nobis
1164 3960 1335 4029 introitum
1353 3957 1470 4050 prohi-

272 4085 401 4156 bentes.
436 4087 472 4155 ln
504 4087 587 4156 turri
619 4087 777 4180 siquidem
808 4111 888 4181 sepe
918 4088 1006 4159 dicta
1035 4093 1129 4158 erant
1157 4084 1295 4177 serjanti
1326 4083 1469 4177 Anglici,

297 4290 325 4362 ¹)
345 4293 417 4363 Lege
432 4293 641 4355 scutarium,
656 4293 840 4367 Chrysopolim
921 4293 950 4366 ⁸)
971 4294 1183 4349 cucurrimus
1201 4293 1245 4347 Fr.

343 4381 673 4441 iconium.eoll.l*ranc.
689 4383 840 4438 Oionium
920 4381 949 4455 ⁴)
969 4383 1089 4445 Nares,
1111 4385 1233 4455 quibus
1253 4383 1334 4455 equi
1357 4387 1470 4438 trans-

343 4487 412 4525 corr.
426 4472 547 4540 lluCang.
969 4473 1145 4528 vehuntur.
1164 4471 1297 4544 DoCange
1316 4475 1343 4527 in
1357 4475 1398 4528 Gl.
1412 4475 1466 4528 rat

296 4559 324 4634 ²)
344 4559 534 4630 imperialis
553 4559 596 4613 rr.
