3130 5082
204 349 346 406 Foannnts
360 351 503 404 Abuxlnrtr
518 367 572 406 ΡΙΙ
585 351 768 406 tirannum!
782 351 946 408 contundunt
962 365 1134 406 annotante.
1189 337 1263 410 llss

81 517 304 604 occludemus‚
338 520 396 590 sed
430 519 617 613 illariusque
646 520 707 592 bos
737 523 968 614 respiciemus,
1003 529 1036 591 ct
1068 519 1265 612 peticionem

11 681 12 686 =
81 645 285 737 explebimus.
322 647 407 732 Quid
440 647 535 716 micbi
564 650 726 718 sermonis
755 648 825 718 uult
853 645 1048 742 prolixitas?
1087 647 1225 717 Venetia
1234 639 1264 738 ¹)

11 839 12 844 ,
82 771 182 842 lactus
201 779 255 842 est
274 772 404 864 quidem
424 781 459 842 et
477 773 517 842 ab
537 773 811 865 imperatoribus,
833 773 1033 844 memorabili
1053 796 1116 843 auo
1138 773 1266 865 lmperii

81 892 157 980 mci,
183 898 390 992 chrisobylus
408 921 532 978 sermo,
559 899 684 972 donans
705 901 752 969 eis
781 901 911 970 diuersa
930 900 1029 970 dona.
1059 900 1267 970 Subsecutus

81 1045 156 1092 uero
182 1024 293 1094 luerat
319 1047 435 1094 rursus
460 1025 546 1094 bunc
572 1033 607 1094 et
631 1025 717 1096 alter
735 1026 776 1094 ab
805 1026 1073 1118 imperatoribus,
1098 1025 1266 1094 terbeato

81 1149 287 1222 dilectissimo
313 1150 445 1222 domino
475 1157 510 1220 et
536 1159 631 1244 patre
659 1152 785 1244 lmperii
806 1151 922 1234 micbi,
951 1152 1067 1222 cadem
1087 1151 1213 1220 donans
1233 1153 1268 1220 et

81 1299 264 1368 apponens,
293 1277 384 1368 quod
410 1285 488 1348 tunc
515 1279 704 1370 petiuerunt
729 1277 761 1346 in
787 1277 1076 1358 rediffieationem;
1105 1275 1267 1367 amboque

11 1425 12 1430 ¹
82 1410 168 1472 certe
191 1404 233 1472 ad
260 1404 432 1496 lmperium
457 1425 572 1474 eorum
591 1403 761 1474 seruitutis
780 1410 878 1495 atque
898 1403 1063 1474 fidelitatis
1083 1402 1178 1472 etad
1197 1402 1267 1470 Ro-

81 1529 212 1598 maniam
242 1523 448 1618 annuente')
478 1528 519 1598 ab
539 1530 586 1599 cis
605 1531 730 1599 seruari
755 1550 837 1622 pure
857 1529 1041 1602 dilectionis
1062 1537 1096 1599 et
1115 1529 1266 1598 allectus.

11 1741 13 1750 .
81 1651 306 1724 Necessarium
326 1677 422 1746 ergo,
441 1655 633 1745 ambosque,
654 1655 702 1724 eis
722 1663 758 1724 ut
776 1653 943 1725 habebant
960 1655 1039 1747 ipsis
1058 1653 1268 1732 dictionibus,

11 1773 12 1788 ,
81 1789 230 1870 presente
245 1780 376 1873 lmperij
388 1781 494 1850 nostri
508 1801 660 1850 sermone
676 1803 762 1851 nunc
778 1803 955 1862 renouare,
970 1803 1034 1872 que
1048 1779 1140 1848 uelut
1155 1777 1268 1848 urbem

11 1993 13 2006 ,
83 1904 261 1976 intersitam
291 1905 530 1977 summitatibus
559 1907 723 1999 presentis
748 1905 899 1976 uidelicet
918 1903 1095 1976 cbrisobuli
1115 1926 1269 1974 sermone

11 2025 13 2030 ’
83 2031 208 2100 omnino
229 2029 423 2121 colligemus
444 2038 476 2100 et
496 2032 811 2100 circummuniamus.
842 2023 922 2122 Ut³)
948 2054 1030 2100 nero
1052 2027 1269 2122 chrysobylus

11 2241 12 2248 ἵ
82 2178 187 2225 sermo
207 2155 429 2226 memorabilis
450 2156 660 2248 lmperatoris
679 2157 811 2238 domini,
838 2157 958 2226 domini
978 2164 1012 2224 ct
1030 2155 1134 2247 patris
1153 2154 1269 2245 tmperi

11 2315 13 2386 p
84 2280 186 2364 miehi,
206 2283 274 2352 slot

172 2406 291 2490 „Solet
317 2412 517 2480 multociens
543 2413 718 2502 antiquior
740 2410 827 2502 fides
846 2418 945 2502 atpne
964 2409 1191 2478 beniuolentia
1206 2430 1269 2500 po·

80 2537 255 2604 ater-iorem
282 2537 548 2606 malivolentiam
576 2545 753 2625 corttcpcre
781 2560 821 2605 ac
845 2535 969 2614 delere,
999 2537 1103 2604 niolio
1121 2531 1268 2602 dominis

80 2669 111 2726 et
127 2661 248 2728 amicte
261 2663 425 2730 monario
437 2663 572 2753 prioris
590 2661 817 2732 malleatorum
835 2669 870 2729 et
885 2663 1072 2731 amicornm
1087 2659 1268 2738 bonitatem

81 2785 171 2855 nalal
197 2809 288 2856 nnnc
313 2807 445 2881 qnoque
472 2789 509 2856 in
545 2785 698 2858 Venetiae
726 2790 876 2879 contipit.
916 2785 1150 2856 Berne'nt'aoena
1177 2785 1268 2854 enim

80 2907 259 3004 hiperinm
273 2936 383 2982 meum
397 2917 536 3006 antipae
550 2937 666 2982 eornm
681 2911 907 2982 beniuolentie
921 2921 953 2982 et
960 2909 1054 3004 fidei,
1073 2933 1173 3004 qnam
1187 2931 1269 3000 erpa

82 3059 210 3131 semper
241 3040 491 3109 memorabilem
519 3039 756 3131 Imperatorem
788 3047 821 3107 et
851 3038 1107 3108 dilectissimam
1135 3043 1268 3128 putrem

82 3157 190 3255 eiad)
211 3165 439 3246 ostenderunt,
464 3167 647 3236 obicientes
665 3188 703 3233 se
716 3165 884 3257 paracollo
903 3175 968 3234 toto
988 3166 1102 3234 animo
1115 3185 1181 3256 pro
1201 3161 1267 3230 llo·

83 3293 206 3372 mans'a,
225 3299 349 3360 etcum
363 3295 563 3362 strenuitate
576 3291 806 3362 indubitanter
825 3299 995 3360 certantes
1013 3297 1131 3360 contra
1149 3289 1269 3358 inimi·

11 3471 13 3520 ,
83 3439 148 3499 coa,
167 3419 230 3510 pai
246 3425 326 3487 tunc
344 3421 534 3488 exercitum
548 3415 740 3486 eduxerant
756 3425 874 3486 contra
892 3439 979 3495 eam,
997 3437 1062 3509 poc
1073 3413 1178 3507 paolo
1193 3421 1270 3482 ante

84 3543 122 3611 alr
139 3547 190 3614 eie
208 3545 298 3614 mala
314 3552 410 3636 pcata
427 3551 518 3624 enrrt,
537 3565 604 3612 non
624 3544 806 3635 reputanti,
826 3551 860 3612 ct
876 3543 1134 3612 corraerec'onem
1153 3560 1270 3607 eornm

86 3673 218 3763 accepit,
242 3679 277 3738 ct
294 3679 411 3738 nomm
431 3672 482 3739 aab
503 3667 649 3738 ostendit
665 3667 805 3749 ilarem,
827 3677 863 3751 ⁸et
887 3665 1083 3736 accedentes
1107 3667 1145 3734 ln
1167 3663 1268 3733 alnas

86 3821 161 3868 moe
191 3800 360 3892 suscepit,
394 3808 427 3867 et
453 3805 696 3889 conaepoenter
727 3795 864 3888 qnidam
894 3793 1176 3886 inclementiam)
1207 3790 1270 3860 lma

87 3921 200 4014 dipnos
212 3923 345 4005 badad,
360 3933 397 3993 nt
409 3945 619 4016 nequaquam
634 3925 703 3990 iam
716 3922 843 3992 lectoni
854 3923 1011 3992 cainonis
1021 3919 1270 3997 subicerentur,

113 4239 135 4310 ¹)
154 4238 295 4294 Venetia
307 4237 360 4291 LA.
374 4237 399 4291 in
409 4237 517 4301 laeuum
529 4235 649 4307 legle-
728 4235 756 4306 Ι)
777 4237 837 4289 hab
847 4238 878 4287 et
890 4234 940 4287 LP.
954 4237 1037 4287 recte.

152 4333 285 4387 coticis.
728 4323 757 4395 l)
776 4324 965 4396 se.lmperii
978 4323 1048 4378 mei.

109 4418 133 4493 ¹)
151 4420 330 4478 conventi?
348 4417 412 4474 Scil.
425 4416 577 4490 obrpaobuli
589 4433 648 4470 eer-

149 4531 249 4569 mones·
1014 4591 1032 4643 8
1040 4590 1054 4618 ⁸
