3148 5080
497 375 737 434 Currsoeuunrnu
751 379 852 434 hnsxu
867 379 887 432 l.
1233 367 1282 441 53

89 543 296 628 blethonem,
316 547 497 630 Coronen,
522 547 702 642 Nauplion,
724 549 935 634 Corinthion,
956 548 1104 632 Thebas,
1125 549 1284 634 Athenas,

89 671 252 766 Euripon,
272 671 492 757 Demetriade,
508 673 788 759 Thessalonicam,
803 675 1033 770 chrysopolin,
1047 675 1284 761 Peritheorion‚

90 799 248 890 Abydon,
272 799 455 883 Redeston,
474 799 722 896 Adriauopolim
747 803 873 896 Apron,
903 801 1074 886 Eracliam,
1100 803 1284 888 Selibriam,

94 932 128 996 et
144 949 208 1018 per
232 927 337 1020 ipsam
356 927 594 1022 Megalopolin,
621 935 655 1000 et
678 927 868 1024 simpliciter
893 930 925 999 in
950 952 1063 1000 omnes
1086 937 1198 1024 partes
1226 931 1287 1002 sub

91 1059 263 1147 potestate
291 1059 408 1126 nostre
434 1055 488 1149 pie
515 1055 787 1138 mansuetudinis,
820 1079 887 1127 uon
914 1055 1128 1151 prebentibus
1156 1057 1289 1128 omnino

92 1204 155 1274 pro
182 1179 330 1274 qualibet
357 1181 492 1276 propria
521 1181 752 1273 negotiacione
780 1181 939 1276 quidlibet
965 1185 1152 1254 commercii
1180 1185 1288 1278 gratia

92 1307 145 1379 uel
166 1307 315 1378 cuiusuis
335 1307 416 1378 alius
435 1307 644 1392 conditionis,
664 1331 728 1400 que
743 1308 891 1380 demosio
905 1311 1055 1394 infertur,
1075 1311 1174 1404 pacti,
1196 1312 1288 1403 quasi

93 1433 291 1518 xilocalami,
309 1433 495 1517 limenatiei‚
515 1435 676 1528 poriatiei,
696 1435 845 1519 cauislrii,
866 1435 1057 1520 exafolleos,
1077 1435 1291 1508 archontichii

94 1567 128 1632 et
145 1560 290 1632 aliorum
314 1559 512 1632 tributorum
531 1583 630 1632 causa
648 1583 779 1644 eorum,
809 1585 872 1655 que
897 1561 1019 1632 debent
1044 1563 1225 1657 negociari.
1256 1564 1291 1633 ln

94 1687 248 1774 omuibus
267 1687 354 1758 enim
373 1687 612 1780 negotiacionis
637 1685 719 1757 locis
739 1687 815 1757 data
834 1695 886 1759 est
908 1689 1039 1759 licentia
1058 1691 1105 1760 eis
1125 1691 1165 1760 ab
1186 1689 1293 1785 lmpe·

93 1816 144 1885 rio
165 1836 257 1896 meo,
285 1813 465 1907 superioris
491 1835 566 1884 esse
585 1813 708 1884 debere
732 1820 766 1884 et
791 1814 861 1908 ipsa
881 1817 1104 1908 requisitione.
1133 1816 1295 1888 Excident

96 1963 177 2012 uero
205 1949 242 2012 et
267 1939 309 2010 ab
334 1939 404 2032 ipso
432 1940 575 2034 eparcho
600 1940 866 2035 parathalassite,
894 1942 1134 2036 eleoparocho,
1162 1943 1295 2036 genien,

97 2066 330 2148 chartulariis,
356 2067 550 2161 hypologis,
571 2073 604 2137 et
624 2067 794 2151 omnibus,
818 2069 873 2162 qui
892 2067 1075 2139 huiusmodi
1094 2075 1188 2151 sunt,
1207 2069 1295 2140 nullo

5 2241 7 2280 ,
96 2217 228 2276 eorum,
249 2195 304 2287 qui
320 2215 381 2288 per
395 2194 468 2264 loca
489 2199 566 2264 sunt
583 2195 765 2288 principum
783 2193 837 2264 uel
857 2194 994 2265 aliorum
1015 2195 1182 2266 seruitium
1202 2217 1296 2266 com·

97 2323 205 2394 munis
227 2319 448 2404 hactautium,
475 2327 707 2414 contempnere
727 2320 803 2414 quid
829 2343 960 2405 eorum,
990 2343 1053 2414 que
1081 2321 1134 2391 hic
1162 2321 1298 2392 dillinita

5 2447 7 2532 Ϊ
98 2455 189 2533 smt,
210 2451 435 2542 presumente.
458 2445 609 2518 Omnium
629 2447 725 2530 enim,
746 2471 827 2540 quas
847 2448 919 2542 quis
940 2447 1038 2532 dicat,
1058 2447 1243 2542 specierum
1258 2471 1298 2519 ae

99 2593 216 2647 rerum
242 2595 404 2644 concessa
428 2581 478 2645 est
504 2572 554 2644 his
582 2572 787 2666 negotiacio,
818 2579 851 2644 et
879 2574 1020 2645 omnium
1045 2574 1241 2669 emptionem
1266 2575 1298 2644 in
1395 2667 1399 2672 Ι

5 2713 7 2786 t
101 2705 273 2800 potestate
283 2699 451 2771 habebunt
464 2701 586 2783 lacere,
601 2699 792 2793 superiores
802 2699 980 2772 existentes
990 2702 1143 2772 uniuersa
1155 2700 1298 2772 datione.

101 2832 173 2902 llec
200 2829 249 2900 ita
275 2849 349 2896 cum
375 2826 614 2921 dispensauerit
639 2825 767 2920 Imperii
792 2826 889 2896 michi
912 2828 1016 2920 pietas
1043 2833 1173 2911 sancta,
1203 2833 1301 2922 atque

5 3249 9 3318 i

105 2955 241 3038 diffinit,
268 2952 390 3024 nullum
412 2954 571 3023 resistere
591 2952 639 3023 eis
658 2952 743 3022 sicut
760 2953 862 3022 rectis
882 2959 916 3026 et
934 2955 1023 3024 ueris
1044 2953 1126 3025 dulia
1152 2954 1239 3037 eius,
1270 2959 1303 3024 et

105 3089 227 3156 contra
244 3080 393 3150 inimicos
413 3079 634 3162 adiutoribus,
664 3085 698 3148 et
721 3101 824 3173 usque
849 3079 891 3150 ad
916 3081 1013 3151 finem
1038 3081 1140 3153 seculi
1163 3079 1247 3152 tales
1266 3104 1303 3152 se

5 3237 6 3248 ¹
107 3234 183 3282 esse
212 3206 496 3303 promittentibus,
528 3228 589 3276 nec
616 3227 807 3298 quemquam
834 3208 964 3278 omnino
991 3207 1156 3279 contraria
1181 3207 1304 3279 sentire

5 3333 8 3444 ἐ
106 3338 168 3408 hiis
178 3335 314 3417 talibus,
330 3354 391 3404 nec
406 3333 553 3404 actiones
570 3331 683 3425 aliquis
699 3331 857 3404 aduersus
873 3355 986 3403 omnes
998 3355 1153 3404 exercere
1167 3340 1306 3428 propter

5 3449 7 3476 ⁵
105 3463 248 3536 natica
269 3461 339 3530 eius
359 3460 553 3552 ergasteria,
574 3465 608 3528 et
626 3457 731 3528 scalas
751 3457 836 3532 istic.
858 3459 1101 3554 Qualiscunque
1121 3460 1205 3530 enim
1220 3460 1306 3554 juris

5 3617 7 3672 i
106 3591 159 3662 bic
186 3589 335 3659 existunt
362 3586 432 3656 siue
460 3585 693 3668 ecclesiastici,
719 3585 789 3654 siue
816 3585 935 3678 priuati
965 3585 1035 3656 siue
1067 3585 1206 3681 publici,
1236 3588 1307 3658 siue

5 3675 7 3760 Ξ
108 3721 226 3790 sancte
255 3712 373 3784 domus
402 3712 483 3794 sint,
512 3713 575 3783 hec
602 3711 784 3782 nullatenus
810 3711 998 3805 continget,
1025 3737 1089 3806 que
1117 3736 1204 3784 nunc
1231 3722 1308 3786 sunt

5 3865 7 3934 ζ
108 3843 254 3914 fidelium
285 3838 436 3910 dulorum
468 3839 596 3933 lmperii
625 3837 721 3908 michi
752 3838 985 3910 Ueneticorum
1013 3847 1048 3910 et
1076 3841 1108 3910 in
1137 3847 1307 3935 posterum

5 4039 8 4060 ἱ
108 3971 310 4050 futurorum,
330 3987 428 4058 quum
446 3963 578 4035 multam
597 3963 848 4035 beniuolentiam
868 3971 902 4034 et
919 3971 1046 4036 rectum
1066 3967 1206 4038 animum
1226 3991 1306 4062 erga

5 4127 7 4172 ὲ
109 4093 315 4177 Romaniam,
336 4098 370 4162 et
390 4113 470 4184 erga
490 4090 662 4186 lmperium
681 4111 788 4162 meum
802 4089 1033 4176 ostenderunt,
1054 4099 1089 4163 et
1106 4099 1179 4166 toto
1200 4093 1307 4165 animo

5 4299 8 4324 s
109 4223 172 4296 bec
190 4241 333 4292 seruare
351 4217 546 4312 promittunt
570 4217 602 4288 in
621 4223 832 4311 perpetuum,
860 4223 894 4287 et
912 4238 1063 4311 pugnare
1082 4242 1143 4312 pro
1163 4221 1308 4291 Romeo-

5 4365 7 4438 ζ
110 4374 183 4422 rum
202 4353 313 4430 statu,
338 4353 372 4416 et
391 4345 583 4417 Christianis
602 4369 663 4440 pro
689 4348 782 4439 parte
801 4343 918 4414 uolunt
943 4351 977 4415 et
998 4352 1238 4439 protestantur.
1268 4345 1312 4418 Et

5 4443 7 4514 ζ
113 4483 231 4549 contra
260 4471 345 4544 tales
374 4472 465 4542 uiros
494 4472 566 4565 quis
595 4469 818 4553 contradicet,
847 4469 901 4540 uel
925 4478 1041 4543 contra
1068 4495 1127 4543 eos
1150 4471 1313 4565 judicium

5 4639 7 4672 ;
114 4603 263 4678 monebit
280 4597 480 4694 aliquando?
510 4597 604 4670 Unde
623 4622 684 4669 nec
703 4603 868 4668 secretum
886 4597 988 4690 Petrij
1010 4597 1062 4668 uel
1082 4599 1229 4683 Mireleu,
1249 4623 1312 4672 nec
