3110 5076
321 317 398 388 216
599 327 830 384 Cusssrnuronuu
843 328 1020 382 Vunnrouuu
1036 343 1213 382 uoneuusuu.

318 500 599 594 Constantinopoli
619 525 717 594 super
735 501 914 572 redditibus
934 501 1117 571 Communis
1136 497 1302 582 Venetiae,
1323 521 1396 568 eum
1415 497 1486 566 meis

317 626 563 698 suecessoribus
588 627 644 698 tibi
663 626 800 698 lobanui
821 627 862 698 da
880 627 999 698 Canale
1023 627 1064 697 de
1084 625 1223 697 eouiinio
1242 625 1279 695 S.
1299 625 1440 695 llarinae
1458 629 1487 692 et

318 755 382 824 tuis
400 754 573 826 heredibus
593 753 633 825 de
651 761 722 825 toto
740 755 879 828 teratioo
898 753 982 824 illius
1001 755 1086 838 anni,
1106 753 1157 824 oui
1176 751 1367 846 principium
1384 751 1486 821 luitin

318 879 380 951 lral.
403 881 520 950 mensis
549 883 653 952 Martii
675 882 867 966 transactis,
894 881 953 952 sub
980 879 1093 953 lndiot.
1114 879 1209 958 Xlll.‚
1231 885 1265 948 et
1287 879 1418 948 linietur
1433 901 1486 972 per

317 1015 421 1080 totum
439 1031 583 1080 mensem
601 1007 768 1078 Februarii
794 1010 927 1101 proximi
947 1009 1090 1093 venturi,
1116 1007 1176 1078 sub
1196 1007 1309 1078 lndiet.
1329 1005 1487 1099 praesenti

316 1135 410 1220 XIV„
439 1135 525 1231 quod
547 1135 737 1229 persolvere
757 1135 890 1207 debebis
918 1137 951 1206 in
979 1137 1042 1208 bal.
1062 1135 1180 1206 mensis
1209 1133 1314 1204 blariii
1342 1158 1403 1227 pro
1431 1157 1486 1204 una

315 1263 403 1356 petia
429 1263 600 1346 detorta,
625 1264 732 1357 posita
756 1263 808 1334 bio
832 1265 863 1334 in
889 1263 1170 1356 Constantinopoli
1190 1261 1285 1354 juxta
1310 1260 1485 1332 Jobannem

314 1389 489 1460 badoario.

403 1516 496 1588 Nune
521 1523 627 1588 autern
651 1518 789 1608 (scios),
817 1517 905 1610 quod
924 1517 1178 1610 suprascriptum
1197 1516 1369 1586 teratioum
1387 1519 1485 1586 totum
1543 1521 1546 1674 q

314 1643 408 1714 miobi
432 1645 578 1738 perfecie
603 1644 791 1716 deliberavit
816 1668 877 1739 pro
896 1651 929 1716 te
947 1643 1075 1716 Marcus
1094 1643 1261 1714 Staniarus
1285 1641 1327 1712 de
1352 1641 1486 1712 confinio
1544 1675 1546 1746 q

313 1770 348 1838 S.
368 1771 506 1854 Jusiiue,
526 1771 613 1863 quod
633 1779 683 1842 est
700 1794 883 1866 yperperos
903 1795 972 1843 aur.
992 1776 1075 1841 reet.
1095 1769 1194 1865 pond.
1215 1793 1282 1840 sex.
1544 1751 1546 1764 ¹

402 1897 479 1968 ldeo
508 1899 650 1968 amodo
679 1900 710 1969 in
738 1905 832 1970 antea
860 1921 989 1990 semper
1016 1899 1091 1968 inde
1120 1921 1256 1968 securus
1287 1919 1488 1990 permaneas,
1544 1931 1546 1992 j

313 2024 388 2116 quia
412 2024 518 2116 niebyl
543 2026 617 2096 inde
640 2033 821 2110 remaneat,
850 2025 934 2096 uude
959 2031 994 2096 te
1017 2025 1151 2120 amplius
1177 2005 1346 2117 requirere
1370 2024 1485 2094 valeam
1544 2027 1546 2094 i

309 2174 369 2244 per
387 2149 486 2222 ullunr
505 2153 679 2245 ingenium.
1544 2123 1546 2234 l

399 2279 523 2366 Quodsi
553 2280 700 2373 sequenti
728 2285 1017 2374 temporeeoutra
1043 2277 1128 2348 bane
1153 2279 1339 2348 securitatis
1366 2285 1485 2349 cartam
1544 2237 1546 2344 l

310 2429 370 2498 per
389 2405 518 2499 aliquod
537 2400 703 2500 ingenium
726 2408 772 2476 ire
796 2406 1038 2498 temptarem,
1063 2411 1141 2475 tune
1160 2405 1336 2476 emendare
1355 2405 1486 2476 debeam

290 2555 383 2620 ,eum
408 2533 488 2602 meis
512 2533 761 2604 suecessoribus
780 2532 837 2602 tibi
858 2538 891 2602 et
908 2532 973 2602 iuis
992 2530 1167 2602 heredibus
1186 2532 1255 2602 auri
1274 2533 1374 2603 libras
1394 2536 1486 2626 quin·
1544 2545 1546 2620 i

310 2681 388 2751 que;
418 2665 452 2730 et
470 2659 533 2732 beo
548 2660 735 2732 securitatis
755 2665 845 2730 carta
863 2660 896 2729 in
914 2682 973 2729 sua
992 2658 1142 2729 fiuuitate
1161 2669 1360 2752 permaneat.
1544 2627 1546 2670 ¹

398 2823 427 2912 †
445 2825 517 2916 Ego
536 2824 701 2894 lohannes
720 2824 875 2894 barastro
894 2845 937 2892 m.
958 2845 1000 2892 nr.
1022 2846 1065 2892 ss.

398 2949 428 3040 †
446 2951 522 3043 Ego
541 2950 653 3022 Daniel
670 2943 768 3022 Zotto
788 2955 826 3020 tt.
846 2973 890 3018 ss.

397 3076 426 3165 †
444 3076 519 3170 Ego
538 3077 680 3148 Marinus
699 3075 846 3148 Dandulo
865 3083 904 3148 tt.
924 3099 969 3146 ss.

818 3292 983 3366 LXXVlll.

381 3445 602 3516 classiariorum
617 3451 790 3516 Venetorum
806 3471 901 3535 prope
917 3454 1042 3534 Abydum
1058 3455 1223 3535 degentiun
1239 3458 1416 3522 maclarum.

663 3669 666 3678 ,
728 3613 897 3676 n.d.1196,
916 3631 949 3668 m.
962 3615 1066 3671 ldartio.

394 3759 468 3825 Cod.
495 3762 563 3825 Lat.
592 3761 624 3825 S.
648 3761 741 3825 Marci
768 3761 806 3825 el.
834 3761 909 3835 xiv,
936 3763 1003 3826 eod.
1031 3763 1157 3838 XXXlX,
1185 3765 1235 3829 sol.
1263 3768 1304 3830 lii
1332 3789 1397 3854 sqq.
1426 3769 1483 3833 bae

305 3869 519 3954 inscriptione:
561 3871 668 3946 „1196
699 3870 811 3935 lilaruo.
852 3875 941 3939 Giao.
968 3873 1082 3945 Molio,
1114 3896 1175 3938 uno
1202 3876 1238 3939 di
1262 3877 1323 3941 doe
1353 3879 1483 3943 Giudice

303 3979 358 4043 ait
370 3987 495 4044 armata
512 3979 632 4056 Veneta,
645 3988 758 4068 presto
773 3981 1332 4070 donoriperilmaoiimeotodieses
1344 3986 1482 4073 inportu

198 4125 202 4132 ,
302 4087 338 4152 di
351 4085 450 4152 dumo
466 4089 552 4152 nelis
566 4090 751 4154 Romaoio.“
777 4089 950 4154 Rornanin
968 4091 986 4154 l.
1005 4091 1024 4154 l.
1042 4091 1077 4163 ll,
1095 4092 1170 4157 415.

392 4195 485 4260 liuius
498 4196 702 4262 conuentionis
714 4218 832 4262 oausam
843 4201 917 4264 satis
928 4202 957 4265 in
971 4200 1099 4266 obscuro
1112 4221 1181 4267 esso
1192 4208 1326 4288 apparet.
1342 4204 1425 4282 Erat,
1437 4207 1482 4270 sie

301 4304 434 4378 videtur,
458 4304 638 4370 Venetorum
663 4305 769 4370 elassis
792 4307 919 4381 bellica,
943 4329 1001 4372 nou
1025 4312 1217 4384 mercatoria,
1241 4312 1480 4399 iuHellespouto

302 4433 397 4498 prope
412 4414 545 4499 Abydum
562 4415 667 4478 urbem
683 4414 838 4480 collocata.
862 4417 928 4482 lilox
945 4417 1073 4490 domum.
1090 4423 1122 4482 ut
1139 4419 1267 4493 uidetur,
1283 4423 1385 4488 redire
1397 4425 1481 4506 jussa

301 4521 393 4586 Ducis
412 4523 510 4606 jussui
535 4543 593 4588 non
610 4522 838 4607 obtemperauit,
855 4525 1010 4591 utilitatem
1028 4528 1133 4610 patriae
1149 4529 1196 4593 uel
1217 4532 1430 4597 nenessitatem
1445 4553 1480 4597 se
