3110 5080
257 297 334 368 408
555 309 749 362 luuoenrrrrns
763 306 797 362 lll
810 324 846 362 na
861 323 1002 362 oarrroun
1015 307 1154 362 donasse.

347 479 481 550 Habetis
496 480 597 572 igitur
611 480 727 550 taciem
741 502 807 549 uon
822 481 930 550 euntis
950 480 981 548 in
995 477 1211 559 Hierusalem,
1229 477 1288 548 sed
1305 477 1451 548 deseen-

256 605 361 676 deotis
381 607 489 699 potius
509 607 540 676 in
560 605 758 698 Aegyptum,
778 611 812 676 et
831 605 990 676 incidistis
1010 605 1085 676 ideo
1103 606 1136 674 in
1154 604 1313 685 latrones,
1340 605 1452 696 quiet

257 755 315 802 vos
335 735 489 802 virtutum
509 731 690 826 spoliarunt
709 733 839 816 amictu,
867 739 901 804 et
919 739 1131 826 peccatorum
1150 732 1265 826 plagas
1285 732 1451 824 imposue-

256 865 333 928 runt
352 860 517 952 spoliatis:
547 883 608 930 nec
627 859 717 930 abire
737 865 846 931 tamen
871 859 1044 931 voluerunt
1066 859 1239 944 hactenus,
1263 882 1328 930 uec
1347 858 1451 928 relin-

258 1009 359 1077 quere
378 986 561 1067 semiviros,
589 1011 662 1057 cum
682 986 790 1056 adbuc
809 986 895 1082 apud
915 1010 973 1057 ros
992 987 1207 1058 immissiones
1222 1009 1282 1078 per
1301 984 1453 1078 Angelos

259 1112 360 1182 malos
380 1113 469 1196 finnt,
497 1120 533 1184 ut
551 1120 712 1207 tamquam
731 1137 794 1208 pro
814 1113 1063 1186 necessitatibus
1083 1114 1200 1186 restris
1220 1113 1388 1184 divertatis
1408 1111 1450 1181 ad

258 1240 390 1318 insulas,
412 1247 445 1312 et
464 1242 495 1310 in
514 1247 662 1350 sumptus
682 1249 811 1312 vestros
827 1237 1088 1313 Christianorum
1107 1240 1213 1334 spolia
1235 1239 1452 1320 convertatis,

258 1365 345 1435 sicut
364 1389 468 1460 nuper
486 1367 573 1462 apud
591 1367 743 1439 laderam
763 1368 949 1462 accepimus
968 1391 1026 1438 ros
1046 1367 1178 1438 fecisse.

349 1493 429 1562 Cum
451 1495 534 1564 enirn
554 1493 629 1564 illuc
649 1493 778 1587 navigio
797 1495 982 1577 venissetis,
1004 1493 1098 1588 signa
1117 1500 1226 1564 vestra
1240 1498 1356 1563 contra
1370 1491 1453 1561 ciri·

257 1623 359 1689 tatem
378 1621 528 1711 protinus
549 1621 782 1712 expandentes,
800 1621 942 1692 tentoria
961 1621 994 1690 in
1014 1619 1185 1690 obsidione
1204 1617 1331 1700 fixistis,
1352 1615 1455 1688 ralla-

259 1744 349 1816 ristis
363 1746 505 1840 undique
521 1747 696 1832 civitatem,
716 1753 750 1818 et
764 1771 875 1818 muros
894 1747 995 1842 ipsius
1015 1769 1079 1818 non
1093 1748 1163 1818 sine
1179 1731 1278 1816 multa
1293 1745 1455 1816 effusione

259 1875 427 1966 sauguinis
442 1875 634 1944 suffodistis.
665 1875 812 1968 Cumque
827 1875 916 1945 eires
930 1869 1041 1946 subire
1059 1843 1279 1946 cuanenetis
1299 1872 1454 1943 iudicium

259 2007 407 2071 nostrum
431 1973 566 2084 vellent,
593 2023 654 2071 nec
677 2001 709 2071 in
733 2001 914 2072 boeotiam
935 2001 1020 2095 apud
1039 2025 1098 2072 vos
1117 2001 1304 2096 potuissent
1322 1997 1456 2068 miseri-

261 2126 408 2196 cordiam
428 2127 591 2210 iuvenire,
618 2125 707 2197 eirca
727 2150 839 2198 muros
858 2151 935 2197 suos
956 2125 1071 2198 Crucis
1091 2127 1251 2220 imagines
1270 2125 1459 2218 suspende-

259 2259 347 2323 runt.
377 2251 445 2325 Sed
468 2277 525 2325 vos
551 2253 583 2324 iu
610 2219 756 2325 iniuriam
777 2253 928 2326 Crucifixi
953 2278 1019 2326 nou
1037 2253 1142 2324 minus
1162 2255 1326 2324 civitatem
1344 2253 1457 2346 impu-

260 2381 386 2473 gnastis
403 2386 436 2450 et
450 2381 550 2463 eires,
566 2379 627 2452 sed
637 2403 696 2451 eos
706 2380 745 2451 ad
763 2379 960 2452 deditionem
973 2380 1113 2451 violenta
1130 2380 1265 2451 dextere
1281 2377 1454 2472 coegistis.

350 2507 539 2580 Debuerant
557 2514 663 2578 autem
679 2531 737 2580 vos
757 2531 775 2579 a
794 2514 860 2580 tam
879 2507 1079 2604 nequissimo
1097 2507 1271 2602 proposito
1287 2505 1338 2576 rel
1354 2529 1454 2576 rere-

262 2637 366 2708 reutia
396 2635 511 2706 Crucis
541 2641 745 2729 assumptae,
777 2635 828 2706 vel
857 2635 1013 2706 carissimi
1043 2637 1074 2707 in
1105 2635 1236 2706 Christo
1264 2633 1319 2704 filii
1351 2632 1463 2703 nostri

262 2761 404 2838 Hearici.
420 2761 511 2854 regis
525 2761 732 2854 Ungarorunr
748 2762 893 2843 illustris,
908 2769 943 2833 et
958 2761 1074 2832 nobilis
1089 2761 1159 2842 riri,
1178 2759 1331 2832 Andreae
1351 2759 1459 2840 ducis,

261 2889 373 2960 fratris
402 2887 491 2970 eius,
524 2887 673 2974 devotio,
703 2889 756 2982 qui
783 2913 845 2984 pro
874 2889 987 2960 Terre
1014 2895 1137 2960 sancte
1165 2887 1311 2958 subsidio
1339 2887 1457 2958 Crucis

268 3013 471 3106 signaculum
487 3019 743 3107 assumpserunt,
764 3014 814 3085 rel
830 3014 944 3085 saltem
960 3013 1150 3111 apostolicae
1160 3015 1255 3087 Sedis
1265 3015 1460 3096 auctoritas,

270 3163 343 3233 quae
362 3140 454 3211 robis
474 3142 612 3224 curavit,
634 3141 815 3213 districtius
835 3141 994 3226 inhibere,
1013 3167 1055 3214 ne
1076 3149 1182 3213 terras
1203 3141 1463 3214 Christianorum

267 3265 421 3338 invadere
440 3266 488 3337 vel
508 3267 629 3338 ledere
647 3269 831 3351 tentaretis,
851 3270 912 3340 nisi
926 3269 976 3340 vel
994 3270 1056 3363 ipsi
1072 3275 1214 3340 restrum
1233 3271 1296 3340 iter
1309 3269 1463 3362 nequiter

270 3392 476 3485 impedirent,
496 3394 544 3464 vel
561 3395 738 3500 aliacausa
757 3397 840 3466 iusta
856 3396 906 3466 vel
926 3396 1111 3467 necessaria
1127 3396 1240 3466 forsan
1255 3403 1463 3476 occurreret,

269 3525 522 3616 propterquam
543 3520 629 3592 aliud
649 3543 768 3615 agere,
790 3523 971 3592 accedente
991 3521 1129 3593 consilio
1148 3521 1283 3616 Legati,
1303 3521 1461 3616 possetis.

360 3646 410 3718 Ne
430 3671 508 3718 vero
528 3649 696 3742 praemissa
712 3647 858 3718 inhibitio
874 3647 1021 3741 segniter
1034 3648 1214 3731 audiretur,
1235 3648 1331 3740 siqui
1347 3653 1463 3718 contra

271 3797 342 3845 eam
363 3774 472 3844 venire
490 3783 741 3868 praesumerent,
768 3799 826 3846 eos
847 3775 1104 3846 denuntiavimus
1124 3774 1464 3846 excommunicationis

271 3901 399 3972 vinculo
429 3901 602 3972 innodatos
637 3909 670 3974 et
696 3901 862 3974 beneficiis
891 3901 1120 3996 indrdgentie,
1153 3925 1247 3996 quaro
1280 3901 1464 3996 apostoliea

272 4028 377 4098 Sedes
397 4027 643 4123 Crucesignatis
662 4026 807 4110 indulsit,
827 4029 995 4098 immunes.

364 4155 518 4224 Ceterum
545 4155 622 4226 licet
650 4154 789 4226 dilectus
817 4154 902 4226 lilius
931 4160 1046 4226 noster
1072 4154 1209 4238 Petrus,
1246 4153 1330 4226 tituli
1360 4155 1464 4226 sancti

274 4279 419 4352 Marcelli
438 4281 616 4374 Presbyter
635 4281 827 4366 Cardiualis,
848 4283 1038 4376 apostolicae
1058 4279 1154 4352 Sedis
1172 4281 1331 4374 Legatus,
1350 4281 1466 4374 prohi-

274 4407 406 4477 bitionis
426 4416 548 4479 nostrae
567 4415 716 4478 tenorem
731 4407 922 4500 quibusdam
937 4431 974 4478 er
988 4407 1079 4479 robis
1095 4429 1259 4501 exponere
1272 4409 1466 4494 curavisset,

276 4539 311 4604 ct
327 4531 458 4604 tandem
477 4533 580 4606 literae
595 4541 718 4607 nostre
733 4533 826 4605 robis
845 4535 985 4606 fuissent
1003 4533 1134 4629 publice
1151 4539 1384 4630 praesentatae,
1405 4557 1466 4608 nee
