3110 5080
331 338 425 394 lnnoc.
439 338 472 392 lll
486 352 576 392 aanor.
589 353 626 390 so
639 336 770 392 bonisne.
783 338 919 392 llonrrsr.
933 353 995 392 arc.
1167 327 1242 398 433

72 507 178 601 major
198 513 250 578 est
274 508 360 579 inter
380 529 454 591 eos,
475 507 613 578 omnium
632 529 746 578 servus
766 509 889 592 existit,
909 495 943 580 et
968 507 1019 603 qui
1037 529 1244 600 praecessor,

71 641 222 729 tanquam
242 635 284 705 sit
301 635 508 706 ministrator.

161 761 328 833 Mancinus
356 763 456 856 igitur
482 759 681 854 imperialem
710 760 931 833 celsitudinem
960 768 993 832 et
1019 761 1187 832 hortamur
1215 763 1247 831 iu

72 887 223 970 Domino,
249 895 406 982 qnatenus
425 888 472 958 sic
491 889 522 956 in
542 887 856 980 apostolicaesedis
876 887 1049 958 devotione
1072 890 1245 974 consistas,

72 1016 119 1086 sic
131 1016 265 1099 cilicias,
277 1015 363 1110 quod
370 1015 502 1108 Jurasti,
514 1037 554 1084 ne
568 1017 667 1100 forte,
680 1039 762 1109 quae
773 1013 814 1084 de
823 1015 888 1085 tuis
898 1013 990 1084 labiis
1000 1023 1246 1108 processerunt,

72 1143 163 1212 irrita
191 1143 302 1213 lacere
330 1141 486 1226 videaris,
515 1143 573 1214 scd
602 1165 696 1215 verax
723 1165 879 1238 appareas
906 1141 938 1211 in
966 1144 1127 1237 promisso
1156 1150 1189 1214 et
1215 1145 1246 1212 in

68 1271 255 1362 juramento
279 1268 395 1339 lidclis.
423 1269 586 1363 Siquidem
611 1271 638 1340 si
662 1271 693 1340 in
717 1271 834 1341 timore
852 1269 978 1340 Domini
998 1277 1031 1341 et
1049 1271 1247 1364 apostolicae

72 1395 170 1466 Sedis
180 1397 363 1467 reverentia
379 1397 547 1489 Imperium
561 1405 649 1467 tuum
664 1397 762 1467 luerit
775 1397 975 1477 roboratum,
995 1418 1061 1468 non
1075 1397 1247 1481 vacillabit,

72 1525 158 1593 sicut
171 1520 329 1593 hactenus
343 1521 510 1606 vacillarit,
530 1523 588 1593 sed
607 1523 638 1592 in
657 1521 739 1594 illius
758 1529 872 1617 petrae
891 1522 1054 1594 soliditate
1071 1525 1248 1606 fundatum,

72 1673 90 1720 a
110 1673 174 1742 qua
192 1651 343 1744 princeps
362 1649 594 1744 Apostolorum
614 1649 719 1720 dictus
739 1656 789 1720 est
806 1651 934 1733 Petrus,
955 1655 989 1721 et
1008 1651 1048 1721 de
1067 1675 1129 1745 qua
1147 1652 1250 1745 inquit

73 1775 269 1868 Apostolus:
311 1782 431 1870 „petra
458 1783 565 1848 autem
590 1784 661 1846 erat
684 1775 874 1858 Christus“‚
909 1784 1066 1872 perpetua
1098 1777 1249 1848 firmitate

73 1902 251 1984 consistet,
277 1923 338 1972 nec
357 1907 525 1972 ventorum
544 1900 658 1978 llatns.
686 1923 746 1972 nec
766 1901 902 1972 fluminis
921 1903 1076 1996 impetus,
1096 1925 1157 1974 nec
1175 1902 1249 1998 plu·

74 2028 196 2098 riarum
214 2027 398 2098 formidabit
413 2029 572 2100 incursus.
594 2027 755 2122 Alioquin,
776 2051 817 2100 ne
830 2051 912 2099 vano
933 2029 1103 2122 decipiaris
1122 2051 1247 2114 errore,

73 2156 161 2226 scire
180 2161 213 2224 te
232 2154 389 2235 volumus,
416 2155 503 2248 quod
524 2177 587 2224 non
608 2154 712 2224 solum
730 2155 927 2225 inimicorum
946 2161 1077 2226 tuorum
1094 2155 1248 2226 rebellio·

74 2305 148 2354 nem
181 2303 245 2352 non
277 2283 402 2375 poteris
439 2279 633 2375 subjugare,
671 2280 730 2350 scd
762 2286 837 2351 ante
865 2283 1009 2376 ipsorum
1038 2281 1154 2352 facicm
1185 2304 1250 2352 oon

74 2409 245 2481 subsistes.

167 2535 241 2606 Dal.
261 2533 415 2616 Anionis,
435 2585 445 2604 .
466 2585 475 2603 .
497 2587 506 2605 .
527 2554 612 2604 anno
632 2539 736 2604 sexto.

614 2730 721 2802 cxlss.

77 2875 265 2940 inscendas
282 2873 322 2936 ΙΙΙ
339 2872 486 2936 rsblllbrs
503 2873 591 2951 stris,
613 2870 801 2953 ll(snllaels)
822 2870 980 2936 lambiunt
1003 2863 1109 2937 Xs'ntls
1130 2875 1254 2953 ferrati,

77 2990 107 3050 et
118 2981 474 3066 monstrosissime,
490 2980 669 3063 boisilus)
682 2981 825 3058 blesensi,
846 2986 875 3044 et
890 2981 1038 3062 ungunt)
1051 2982 1145 3046 sancti
1161 2981 1254 3060 Panll,

76 3092 250 3171 tinnitibus,
278 3095 309 3155 et
335 3089 404 3154 sllls
432 3089 608 3169 lareribus,
635 3095 665 3153 et
691 3088 832 3154 thltlbns
860 3090 1090 3172 Orroeslgnstls,
1118 3090 1253 3172 spirltum

534 3197 651 3262 consilli
668 3199 803 3292 sanioris,

75 3355 181 3444 Super
190 3353 400 3446 promissione
414 3350 619 3440 Imperatoris
636 3350 985 3437 Comtuntinopolitoni,
1003 3357 1033 3415 ct
1048 3351 1130 3438 qaod
1144 3351 1255 3415 debeat

68 3468 189 3553 jurare
200 3463 405 3530 obedientiam
414 3460 655 3526 streversntium
667 3460 827 3524 Romanos
838 3461 1009 3530 Ecclesiae,
1021 3467 1052 3524 et
1063 3460 1254 3526 Patriurcbo

346 3591 468 3635 sumere
484 3569 620 3656 pallium
635 3569 676 3633 dc
691 3589 824 3656 corpore
838 3569 872 3633 S.
889 3569 985 3633 Petri.

556 3718 775 3792 mansuem).
876 3744 878 3750 ,

167 3863 294 3926 lnnoe.
316 3860 352 3924 lll
374 3861 462 3946 epist.
485 3857 536 3921 lib.
560 3857 613 3933 Vl,
640 3877 688 3941 ep.
710 3854 836 3918 CCXXX
861 3855 909 3919 ed.
934 3857 1149 3940 Brdqnigny
1171 3857 1206 3919 T.
1230 3859 1252 3930 1,

78 3993 148 4060 pag.
166 3973 243 4036 427.
268 3967 446 4053 baynald.
463 3967 483 4030 l.
500 3965 520 4030 l.
539 3969 574 4052 ᾗ.
592 3966 621 4029 3.

170 4130 252 4218 Quia
274 4150 432 4210 veremur,
461 4148 520 4196 vos
553 4125 671 4196 iterato
705 4123 1044 4194 excommunicationis
1076 4147 1149 4194 csse
1181 4124 1253 4194 labe

78 4260 243 4358 pollutos,
269 4263 304 4329 et
327 4255 446 4328 utinam
473 4275 538 4324 non
563 4253 771 4322 incurreretis
796 4251 870 4322 fidei
894 4251 1089 4334 laesionem,
1114 4251 1187 4323 ideo
1212 4252 1254 4324 ad

77 4385 238 4460 cautelam
263 4383 354 4456 vobis
377 4383 533 4480 spiritum
559 4381 709 4450 sanioris
734 4379 871 4450 consilii
893 4379 968 4450 loco
995 4377 1196 4448 salutationis
1220 4385 1255 4448 ct

78 4511 314 4587 benedictionis
334 4515 494 4604 optamus.

109 4633 263 4683 rossam.
1003 4625 1038 4678 23
