3130 5078
281 359 357 432 568
579 373 701 430 Euncrro
712 376 818 430 bianum
831 373 909 429 Gnrvo
923 391 952 428 m
965 389 1081 428 rorans.
1093 373 1138 428 Gr.

279 543 472 613 Auserensis
481 537 511 636 ¹)
547 566 676 625 comes,
711 546 873 638 Rogerius
904 543 1126 624 Premarinus,
1154 543 1350 614 Benedictus
1377 543 1453 612 Gri-

279 670 356 740 lioni
376 677 473 764 atque
491 671 608 742 Paulus
628 673 800 760 Quirinus,
828 681 861 744 et
885 672 1080 766 querebant,
1104 677 1140 742 ut
1157 672 1221 742 ista
1240 672 1362 753 omnia,
1389 693 1452 763 que

280 797 428 889 superius
453 798 539 869 dicta
563 805 655 881 sunt,
681 809 714 870 et
738 799 798 870 alia
818 799 877 870 sub
896 800 1056 892 scripture
1077 798 1202 868 vinculo
1222 798 1450 869 anodareutur.

369 923 472 1017 Igitur
497 948 556 994 nos
575 923 715 996 Marinus
736 925 840 1008 Genu,
861 925 1057 996 Venetorum
1077 925 1108 994 in
1127 923 1282 996 Romania
1300 924 1451 994 Potestas

280 1049 489 1144 ejusdemque
508 1051 633 1144 lmperii
653 1047 789 1145 super²)
810 1059 956 1146 quartam
975 1058 1099 1146 partem
1119 1057 1152 1120 et
1170 1050 1328 1120 dimidiam
1348 1050 1451 1120 domi·

280 1183 393 1260 nator,
429 1200 501 1248 curn
525 1169 689 1270 judicibus
718 1187 752 1250 et
779 1179 975 1274 sapientibus
1003 1178 1166 1260 conscilii,
1200 1178 1451 1250 conlaudacione

279 1326 408 1398 quoque
444 1305 554 1398 populi
589 1305 748 1389 Venecie,
786 1310 839 1400 qui
872 1314 951 1377 tunc
984 1304 1138 1400 temporis
1171 1303 1467 1398 Constantinopoli,

280 1431 424 1514 aderant,
444 1436 624 1503 statuentes
640 1435 808 1504 statuimus
822 1458 861 1505 ac
875 1435 1009 1505 tirmiter
1023 1433 1218 1515 ordinamus,
1238 1439 1286 1514 ut,
1304 1432 1451 1526 quondo·

279 1581 406 1650 cunque
436 1559 583 1630 dominus
613 1567 729 1631 noster
753 1561 894 1632 Venecie
919 1559 990 1631 Dux
1018 1583 1089 1631 cum
1117 1559 1265 1630 ordinato
1294 1559 1449 1630 conscilio

282 1682 484 1776 delegaverit
506 1684 556 1755 vel
582 1685 779 1757 ordinaverit
798 1687 934 1780 aliquem
952 1685 1153 1758 Potestatem
1171 1685 1448 1777 Constantinopoli

280 1815 337 1881 aut
360 1815 543 1894 rectorem,
570 1835 802 1908 quemcumque
827 1814 896 1907 ipse
916 1813 1039 1882 miserit
1057 1811 1106 1881 vel
1126 1811 1341 1894 ordinaverit,
1366 1811 1448 1881 illum

278 1935 467 2008 habebimus
486 1937 688 2040 Potestatem
709 1939 1097 2034 constantinopolitanum
1118 1948 1152 2008 et
1170 1945 1344 2008 rectorem.

368 2063 447 2134 ltem
467 2065 647 2158 querebant
665 2067 758 2138 nobis
778 2073 956 2162 nostroque
970 2065 1124 2136 conscilio
1140 2065 1207 2157 jaun
1222 2064 1297 2135 dieti
1311 2063 1449 2135 Venecie

279 2190 397 2282 legati,
425 2191 512 2284 quod
536 2193 651 2278 feuda,
678 2217 740 2288 quc
760 2191 835 2264 data
854 2199 947 2264 eraut
964 2193 1014 2264 vel
1033 2191 1190 2264 darentur
1208 2191 1248 2261 de
1267 2190 1450 2282 supradicta

279 2323 391 2388 nostra
405 2319 568 2410 portione,
588 2327 652 2391 tam
667 2344 716 2404 ea,
737 2345 799 2414 que
814 2329 908 2393 erant
921 2321 1003 2392 inlrn
1014 2319 1180 2414 jamdicta
1194 2317 1336 2400 civitate,
1357 2341 1448 2411 quam

280 2450 381 2528 extra,
401 2443 495 2516 alicui
514 2469 579 2518 non
599 2445 827 2531 alienarentur,
853 2447 913 2518 nisi
933 2449 964 2518 in
983 2447 1120 2530 Veneto,
1140 2469 1202 2542 que
1217 2445 1286 2538 jam
1304 2445 1449 2516 ordinata

279 2571 474 2642 habebamus
494 2579 528 2643 et
547 2575 708 2668 scripture
724 2574 850 2646 vinculo
866 2575 1090 2646 corroborata.
1113 2571 1204 2644 Unde
1222 2573 1338 2643 iterum
1357 2571 1450 2641 volu-

280 2721 361 2783 mus,
378 2699 465 2791 quod
480 2724 517 2771 ea
531 2701 590 2772 sub
601 2701 716 2772 eodem
731 2701 892 2794 scripture
907 2700 1032 2771 vinculo
1047 2701 1113 2772 sint
1125 2699 1274 2783 anodata,
1290 2707 1326 2769 ut
1339 2699 1384 2770 ita
1398 2699 1450 2768 liat

279 2827 525 2920 imperpetuum.
561 2831 604 2900 Et
634 2829 695 2900 hec
726 2827 988 2901 conlaudacionis
1016 2835 1050 2898 et
1077 2826 1335 2900 confirmacionis
1361 2833 1448 2897 carta

279 2959 407 3024 maneat
426 2955 457 3023 in
476 2976 534 3024 sua
552 2955 713 3026 firmitate.

369 3080 398 3170 †
418 3079 491 3174 Ego
502 3082 642 3151 ltlariuus
650 3081 959 3166 Geno,Venetorum
967 3085 1117 3154 Potestas
1128 3081 1158 3151 in
1167 3079 1448 3165 Romaniammss.

370 3205 400 3296 †
419 3205 492 3299 Ego
511 3207 676 3278 lohannes
695 3200 837 3300 Uituri³)
853 3205 954 3302 judex
973 3231 1081 3276 mmss.

370 3334 399 3424 †
419 3333 492 3428 Ego
511 3335 627 3406 Petrus
647 3333 782 3406 Michael
797 3335 898 3427 judex
916 3336 1043 3406 comuni
1063 3357 1172 3404 mmss.

370 3459 399 3550 †
419 3459 492 3553 Ego
511 3461 676 3532 lohannes
695 3461 849 3533 Barastro
869 3461 1077 3534 consciliator
1095 3485 1202 3531 mmss.

367 3585 396 3678 †
415 3585 489 3681 Ego
508 3587 648 3659 lacobus
667 3579 886 3681 Mastrorso⁴)
907 3589 1116 3660 consciliator
1134 3611 1242 3659 mmss.

371 3713 400 3803 †
419 3711 492 3808 Ego
512 3711 702 3788 Leonardus
722 3715 876 3810 Campulo
896 3714 1092 3786 camerarius
1111 3738 1218 3785 mmss.

370 3843 399 3933 †
418 3843 491 3937 Ego
512 3843 653 3915 Marinus
671 3840 925 3939 Navigaiosso⁸J
946 3869 1055 3916 mmss.

233 3991 235 3994 ·
368 3968 397 4059 †
416 3969 489 4062 ligo
508 3969 756 4043 bartholomeus
775 3972 971 4044 Aldiurando
990 3971 1212 4045 conestabullo
1232 3995 1343 4043 mmss.

369 4095 398 4186 †
417 4095 491 4190 Ego
511 4097 698 4172 Dominicus
717 4093 954 4192 Zancarolusl)
974 4123 1081 4170 mmss.

282 4237 598 4248 ——--...—

305 4305 554 4378 ¹)husorcnsis
583 4305 649 4370 hh.;
691 4309 837 4364 Ausere·
917 4307 946 4381 ⁸)
965 4308 1090 4363 Uitturi
1109 4309 1159 4364 hl’.

352 4397 425 4450 nius
444 4395 495 4450 LP.
916 4397 944 4472 ι)
963 4401 1175 4454 blastroorso
1189 4400 1238 4453 bl'.

303 4487 331 4558 ¹)
350 4485 835 4560 dddidimnsaopcr‚coltantccedcn·
917 4489 945 4561 ⁵)
965 4491 986 4543 N
993 4490 1167 4561 avipaioso
1185 4491 1235 4544 LP.

348 4576 425 4632 tibus.
919 4579 947 4651 ο)
968 4579 1189 4636 zanoariolun
1209 4580 1258 4635 LP.
