3130 5078
260 342 334 415 562
557 357 652 411 luuoo.
665 355 698 410 lll
712 372 801 412 errsr.
816 375 852 412 sn
866 355 972 414 blason.
987 358 1121 414 Mourrsr.

346 525 464 599 Verum
483 535 517 599 tu
538 528 641 600 etalii
661 529 900 624 crucesignati,
918 529 1077 602 facientes
1092 529 1132 602 de
1151 534 1347 604 necessitate
1367 533 1430 602 rir-

258 661 370 736 tutem,
389 655 571 726 intendistis
591 657 622 726 in
641 657 709 749 ipsa
728 657 950 752 principaliter
967 679 1158 751 procurare,
1177 669 1213 730 ut
1231 659 1428 754 apostolicae

256 781 333 851 Sedi
353 789 482 874 gratnm
501 782 723 876 impenderitis
739 791 773 854 et
786 784 937 855 devotum
953 783 1155 878 obsequium,
1175 792 1209 857 et
1227 784 1428 879 expectatum

256 907 459 980 nibilominus
486 909 610 980 Terrae
635 918 768 981 sanctae
794 933 1002 992 succursum
1029 911 1116 1004 quod
1134 912 1175 984 ad
1200 911 1329 1006 plenum
1348 934 1427 982 con·

254 1057 432 1106 summasse
458 1037 615 1130 putastis,
650 1059 722 1108 cnm
751 1037 820 1108 sine
849 1039 1016 1134 sanguinis
1043 1039 1202 1110 effusione
1220 1040 1325 1134 Regia
1349 1039 1427 1110 urbe

254 1168 348 1258 capta
368 1167 402 1234 ct
421 1171 619 1256 occupatore
639 1162 767 1256 Imperii
781 1165 940 1260 effugato,
959 1166 1182 1260 restitutisque
1201 1166 1232 1236 in
1251 1166 1321 1260 ipsa
1336 1165 1426 1236 simul

254 1295 346 1383 patre
366 1295 400 1360 et
418 1291 482 1360 filio
502 1290 543 1361 ad
562 1290 725 1386 fastigium
745 1291 977 1386 Imperatoriae
996 1291 1173 1386 dignitatis,
1198 1291 1321 1364 lecistis
1340 1293 1427 1386 ipsos

252 1417 422 1488 incoactos
441 1423 673 1488 sacrosanctae
693 1417 893 1512 apostolicae
912 1417 1001 1500 Sodi,
1021 1419 1117 1488 tactis
1136 1418 1323 1512 evangeliis,
1344 1419 1423 1490 obe·

224 1581 227 1588 ⁴
253 1545 402 1617 dientiam
419 1545 580 1629 exhibere,
596 1545 757 1640 Imperiali
770 1546 865 1618 nobis
878 1547 1003 1641 scripto
1017 1547 1207 1618 transmisso
1218 1547 1256 1618 ad
1271 1547 1425 1640 majorem

252 1671 325 1744 fidei
344 1673 546 1756 firmitatem,
565 1679 619 1754 ut,
639 1674 725 1768 quod
745 1697 804 1745 ore
822 1673 1059 1768 promiserant,
1084 1696 1184 1767 opere
1203 1673 1425 1767 adimplerent.

342 1798 486 1894 Cumque
505 1822 564 1870 ros
590 1799 631 1870 ad
656 1799 870 1894 nauigandum
889 1801 920 1871 in
939 1801 1066 1894 Syriam
1089 1800 1168 1872 totis
1186 1800 1306 1871 viribus
1331 1822 1426 1894 para·

251 1927 350 2009 retis,
377 1926 484 1997 innata
511 1927 711 1997 Graecorum
737 1925 874 2010 malitia,
896 1926 1089 2019 juramentis
1113 1933 1147 1998 et
1171 1929 1274 2020 pactis
1299 1926 1425 2022 penitus

251 2051 394 2136 violatis,
419 2051 514 2146 igne,
541 2051 617 2124 dolo
638 2060 672 2125 et
690 2054 799 2124 toxico
817 2055 881 2126 iter
890 2035 1060 2137 restrum,
1087 2077 1150 2125 non
1170 2054 1271 2125 semel
1290 2061 1423 2136 motum,

252 2180 310 2251 sed
330 2203 430 2274 saepe
448 2181 598 2272 nequiter
616 2179 796 2275 impedivit,
816 2189 852 2252 et
869 2181 910 2252 ad
929 2181 1286 2276 occupationem-urbis
1304 2181 1425 2275 Regiae

252 2331 311 2378 vos
330 2308 361 2377 in
380 2307 524 2400 ipsorum
542 2306 735 2400 perniciem,
760 2307 941 2379 renitentes
965 2315 1000 2378 et
1025 2309 1154 2390 invitos,
1180 2307 1323 2378 attraxit.
1352 2309 1421 2396 Qua

250 2435 321 2506 sola
339 2433 399 2506 Dei
418 2435 538 2505 virtute
555 2434 743 2505 mirabiliter
767 2435 973 2529 triumphata,
999 2435 1148 2530 quicquid
1167 2440 1315 2518 extunc,
1341 2457 1422 2528 quo·

248 2585 386 2658 cumque
406 2561 501 2634 modo
520 2561 570 2632 vel
589 2561 677 2644 loco,
704 2561 840 2645 lecistis,
866 2562 1035 2633 voluntarii
1055 2561 1105 2632 rel
1124 2561 1223 2644 inriti,
1244 2562 1422 2632 communi·

248 2695 322 2760 cato
342 2687 421 2760 cleri
439 2687 539 2759 vestri
558 2687 707 2772 consilio,
736 2712 866 2782 semper
883 2687 1039 2760 habuistis
1058 2690 1089 2760 in
1108 2685 1204 2772 rotis,
1233 2695 1270 2759 ut
1286 2711 1347 2783 per
1365 2712 1420 2760 vos

246 2813 484 2886 inobedientiae
511 2813 565 2884 filii
598 2814 742 2886 redirent
769 2813 810 2885 ad
839 2814 1054 2886 obedientiam
1089 2816 1323 2898 matrissuae,
1357 2821 1419 2885 tam

246 2941 407 3027 debitam,
427 2965 521 3035 mam
539 2941 706 3026 devotam,
726 2948 760 3012 et
779 2941 953 3012 Orientalis
971 2942 1136 3026 Ecclesia,
1161 2947 1313 3037 tanquam
1331 2941 1420 3037 prin·

245 3069 349 3162 cipale
367 3068 556 3152 membrum,
575 3091 635 3139 suo
654 3069 749 3161 capiti
768 3067 933 3150 uniretur;
954 3070 1042 3162 quod
1060 3075 1095 3139 nt
1114 3067 1238 3163 plenius
1258 3075 1292 3140 et
1309 3069 1419 3140 melius

244 3203 359 3290 posset
377 3195 457 3281 lieri,
477 3196 677 3291 apostolicae
696 3195 792 3266 Sedis
811 3195 991 3279 consilinm,
1017 3199 1086 3268 sine
1106 3221 1170 3291 quo
1189 3197 1275 3290 pcrit
1293 3199 1419 3291 penitus

245 3348 343 3419 opera
362 3331 396 3396 et
413 3325 569 3418 impensa,
589 3324 736 3416 suspensi
755 3321 913 3394 hactenus
933 3323 1140 3418 expectastis,
1160 3329 1194 3394 et
1212 3321 1317 3394 adhuc
1335 3345 1417 3396 con-

243 3451 340 3523 tinuis
360 3451 530 3522 desideriis
549 3449 738 3544 expectatis.

332 3579 415 3666 Quia
443 3601 522 3648 rero
558 3577 683 3671 signum
718 3577 843 3660 crucis,
878 3584 978 3670 prout
1004 3577 1144 3661 asseris,
1179 3579 1351 3671 suscepisti
1380 3580 1418 3650 ad

242 3707 413 3778 delendum
432 3711 507 3777 tuae
526 3705 668 3775 maculas
682 3703 876 3797 juventutis,
896 3711 929 3775 et
947 3704 1099 3799 quicquid
1119 3705 1321 3797 apostaticae
1339 3705 1418 3776 labis

240 3858 259 3905 a
278 3833 453 3906 retroactis
470 3829 670 3926 temporibus
689 3831 894 3926 singularitas
914 3830 1050 3903 bumana
1069 3839 1295 3916 contraxerat,
1315 3833 1418 3903 climi-

239 3961 397 4044 nandum,
424 3984 487 4030 non
514 3965 551 4030 ut
574 3959 704 4052 gravius
732 3966 765 4028 et
791 3957 939 4030 licentius
968 3959 1027 4031 snb
1053 3959 1166 4031 umbra
1191 3959 1359 4054 religionis
1384 3967 1418 4031 et

240 4089 346 4159 crucis
384 4087 498 4159 vexillo
535 4109 713 4180 peccares,
747 4085 787 4158 ad
821 4087 1064 4158 examinationis
1092 4093 1226 4158 nostrae
1261 4087 1416 4159 calculum

239 4215 364 4308 singula
388 4215 553 4298 referens,
580 4215 611 4284 in
630 4211 778 4285 omnibus
805 4219 838 4284 et
862 4238 923 4308 per
942 4217 1048 4286 omnia
1067 4216 1179 4286 matris
1198 4219 1231 4286 tc
1250 4239 1416 4308 exponens

240 4341 384 4415 consiliis
399 4350 433 4414 et
451 4341 621 4424 mandatis,
641 4341 686 4412 ita
700 4347 748 4426 nt,
768 4341 795 4412 si
810 4339 984 4414 Romaniae
998 4347 1117 4414 statum
1133 4349 1167 4412 et
1181 4339 1228 4412 tui
1247 4365 1369 4414 moram
1384 4345 1416 4413 in

238 4495 277 4544 ea
293 4473 477 4543 noverimus
496 4469 697 4565 apostolicae
711 4469 790 4542 Sedi
808 4478 843 4542 et
856 4471 979 4542 Terrae
997 4471 1220 4565 promissionis
1239 4469 1417 4542 efficaciter

239 4600 402 4694 expedire,
417 4608 516 4692 teque
534 4621 595 4692 per
612 4597 676 4668 hoc
695 4597 918 4668 remissionem
937 4597 1087 4690 accipere
1106 4601 1329 4690 pcccatorum,
1350 4619 1415 4668 non
