3110 5076
385 298 614 356 Caesareanorum
628 303 804 360 veneronum
818 319 993 360 concausam.
1199 293 1274 368 225

107 475 257 563 mantum
276 471 308 542 in
327 471 414 542 stolo
432 473 571 557 steterit,
590 473 752 568 predictas
773 473 912 546 cartulas
932 477 963 546 in
978 481 1085 548 restra
1104 477 1193 548 curia
1213 499 1277 546 non

107 596 228 668 fractas
246 604 426 670 teneretur.

195 699 300 794 ltem
323 725 503 796 videntibus
529 725 632 809 nobis,
661 725 747 821 quod
766 727 838 820 ipsi,
859 729 911 819 qui
932 752 1006 800 snas
1025 751 1122 799 naves
1141 729 1173 799 in
1192 729 1276 799 stolo

105 873 163 944 pro
193 845 349 944 nabulo¹)
377 851 512 936 dabant,
542 851 707 936 dicebant,
735 853 864 946 quoda
895 855 985 926 uobis
1013 879 1077 925 non
1106 879 1277 948 possumus

105 976 225 1049 habere
243 979 285 1048 de
304 981 423 1050 nostris
443 979 574 1050 navibus
594 987 628 1051 ct
646 979 805 1062 corrodis,
825 983 1000 1052 secundnm
1018 983 1124 1064 talem,
1153 982 1275 1076 qualem

106 1105 261 1178 babemus
281 1131 297 1178 a
318 1109 447 1180 domino
469 1109 549 1180 Daci
574 1115 644 1180 eta
663 1110 816 1180 Comanis
836 1109 985 1192 Venetis,
1014 1134 1073 1181 nos
1098 1133 1173 1182 vero
1198 1135 1275 1206 spc-

103 1241 212 1304 rantes
232 1234 272 1303 de
290 1235 446 1319 bonitate,
466 1237 551 1306 sicut
570 1237 717 1330 superins
738 1235 882 1318 diximus,
902 1241 1079 1306 statuentes
1097 1238 1275 1320 statuimus,

103 1368 148 1444 ut,
164 1361 281 1432 sicuta
297 1362 425 1434 domino
441 1363 540 1434 Ducis
556 1372 616 1434 eta
632 1363 784 1434 Comunis
795 1361 927 1433 Venetis
942 1365 983 1434 ad
997 1366 1166 1434 terminum
1183 1365 1276 1436 nobis

102 1495 261 1560 statutum
286 1489 361 1576 fuit,
389 1491 432 1560 ita
456 1497 489 1560 et
513 1490 628 1561 debinc
653 1489 685 1558 in
710 1497 804 1560 antea
821 1497 948 1584 raptum
958 1485 988 1582 ²)
1008 1489 1212 1572 babebimns;
1242 1501 1276 1562 et

103 1617 257 1709 quicquid
276 1617 316 1688 de
336 1617 454 1688 nabulo
475 1617 568 1688 nobis
588 1617 765 1700 defecerit,
793 1617 994 1712 quantumin
1014 1617 1162 1710 predicto
1189 1619 1274 1690 stolo

10 1769 11 1804 ³
101 1744 270 1815 nobiscum
281 1747 446 1830 steteritis,
461 1770 520 1840 per
534 1767 791 1839 unumquemque
802 1769 986 1839 perperam,
1000 1752 1142 1840 utsupra
1153 1746 1272 1818 dictum

8 1877 9 1912 l
101 1878 164 1954 est,
185 1895 204 1942 a
223 1873 358 1943 Comani
378 1871 511 1942 Venetia
531 1871 654 1943 solidos
675 1871 887 1964 quadraginta
908 1873 1023 1941 essetis
1041 1873 1218 1966 accepturi.

7 1987 8 2006 ¹
193 1999 227 2066 Si
248 1999 346 2090 igitur
363 2005 476 2068 contra
497 1999 578 2069 banc
592 1999 823 2082 concessionis,
844 1997 982 2068 dationis
999 2005 1032 2068 et
1050 1999 1272 2090 promissionis

98 2133 223 2196 cartam
257 2126 303 2196 ire
332 2125 438 2218 aliquo
467 2127 563 2197 modo
590 2125 866 2218 temptaverimus,
901 2123 948 2194 vel
977 2123 1017 2194 de
1045 2125 1273 2219 suprascriptis

99 2253 240 2345 aliquam
259 2253 352 2324 uobis
369 2253 551 2323 violentiam
570 2277 630 2348 per
648 2252 743 2322 ullum
762 2251 926 2344 ingenium
940 2249 1049 2319 lacere
1064 2273 1272 2345 presumpse-

96 2381 219 2461 rimus,
246 2402 443 2474 componere
469 2381 680 2474 promittimus
706 2405 777 2452 cum
798 2379 918 2450 nostris
938 2379 1184 2450 successoribus
1204 2381 1272 2450 auri

96 2508 201 2579 obrizi
220 2507 318 2578 libras
338 2509 465 2602 viginti;
488 2516 521 2579 et
539 2507 599 2580 hec
619 2509 851 2590 concessionis,
872 2507 1011 2577 dationis
1031 2513 1063 2576 et
1081 2509 1272 2601 promissio-

93 2635 147 2704 nis
167 2641 257 2704 carta
276 2635 308 2704 in
328 2644 386 2706 sua
405 2633 555 2704 firmitate
574 2641 771 2726 permaneat.

188 2759 262 2852 Ego
281 2761 441 2853 Rugerius
459 2761 657 2844 Premarino,
678 2762 859 2854 capitaneo,
878 2783 972 2831 manu
992 2783 1061 2829 inea
1081 2761 1268 2855 subscripsi.

187 2887 262 2980 Ego
276 2887 417 2957 lacobus
434 2887 579 2973 Quirino,
599 2887 770 2980 capitaneo
785 2887 872 2970 stoli,
889 2909 981 2958 manu
997 2909 1065 2956 mea
1080 2887 1268 2982 subscripsi.

188 3015 261 3108 Ego
281 3015 423 3086 loannes
442 3013 609 3097 Venerius,
625 3015 725 3107 judex
744 3013 829 3094 stoli,
850 3037 944 3084 manu
964 3037 1034 3084 mea
1053 3014 1241 3110 subscripsi.

187 3141 263 3234 Ego
281 3139 424 3212 Jacobns
441 3140 490 3210 lla
505 3139 635 3224 llolino,
651 3142 749 3233 judex
769 3141 856 3224 stoli,
876 3164 969 3210 mann
990 3163 1060 3210 mea
1079 3141 1268 3235 subscripsi.

187 3267 1064 3362 EgolacobusBadouari,consiliatorstoli,manumea
1075 3267 1264 3362 subscripsi.

188 3398 261 3488 Ego
289 3395 447 3464 llenricus
474 3394 704 3476 Manrocenus,
734 3395 923 3465 consiliator
952 3393 1042 3476 stoli,
1073 3417 1168 3464 manu
1197 3419 1269 3466 mea

1 3519 3 3576 l
94 3522 287 3614 subscripsi.

180 3647 1264 3743 Egollauruslllanroceno,consiliatorstoli,manumeasubscripsi.

180 3775 253 3868 Ego
269 3775 429 3846 Mattheus
443 3777 648 3868 Superantio,
669 3777 856 3848 consiliator
871 3775 955 3858 stoli,
977 3799 1017 3844 m.
1029 3777 1264 3870 msnbscripsi.

181 3903 253 3996 Ego
278 3902 440 3995 Spinellus
469 3902 636 3996 llengulo,
668 3904 863 3974 camararius
893 3901 966 3972 stoli
991 3902 1142 3984 Venetie,
1172 3927 1264 3973 rnanu
1325 3955 1329 3962 -

92 4055 165 4100 mea
185 4029 373 4123 subscripsi.

129 4151 132 4161 '
254 4156 328 4248 Ego
348 4155 500 4228 Nicolaus
520 4155 671 4238 Thomas,
695 4157 855 4248 presbiter
874 4163 907 4227 et
926 4159 1082 4241 notarius,
1108 4157 1262 4251 complevi

93 4291 127 4356 et
145 4283 309 4354 roboravi.

115 4513 144 4587 ¹)
165 4515 218 4567 l.e.
232 4515 339 4567 naulo.
678 4511 681 4586 l
730 4511 757 4584 ²)
777 4513 903 4567 ratum?

125 4606 274 4652 Fontinallll.
1015 4604 1047 4656 lb
