3130 5078
472 308 567 362 luuoc.
580 307 614 360 lll
626 325 716 362 nrrsr.
731 309 838 363 solur.
852 307 897 363 Cr.
1196 295 1272 370 553

181 480 317 574 Signum
336 479 460 551 Nicolai
475 479 583 562 Tinto,
603 479 712 573 prcsb.
726 489 761 552 ct
775 477 900 573 plebani
915 480 951 550 S.
968 479 1102 562 Nicolni,
1123 479 1271 550 canonici

92 607 129 677 S.
150 605 274 700 Sopbie
292 605 651 700 Constantinopolitano
670 605 837 687 Ecclesia,
863 605 916 698 qui
935 606 1023 678 adid
1043 611 1176 700 paratus
1195 605 1275 676 sub·

93 733 193 804 scribi
212 732 341 804 nominc
361 756 420 804 suo
440 731 579 825 rogarit.

181 859 317 952 Signum
331 859 458 932 Nicolai
471 859 608 942 'l'homo‚
627 858 739 952 presb.
750 857 899 930 Ecclesia
918 883 946 928 s.
961 859 1151 951 Margaritc,
1171 880 1274 929 cano·

92 987 155 1059 uici
174 986 396 1080 suprascripto
414 983 581 1070 Ecclesic‚
601 985 654 1078 qui
674 985 797 1078 pariter
815 984 975 1054 subscribi
995 1008 1056 1078 pro
1076 1009 1112 1055 sc
1132 985 1274 1077 rogavit.

182 1111 443 1208 Sipoumtacobi
456 1110 623 1204 myram,
634 1109 716 1182 diac.
727 1111 873 1182 canonici
885 1110 1274 1204 suprascriptcEcclcsic,

93 1240 146 1337 qui
166 1263 226 1336 pro
246 1263 282 1309 sa
301 1237 462 1310 subscribi
480 1236 621 1331 rogarit.

181 1367 317 1460 Signum
336 1365 456 1448 Adam,
479 1364 590 1458 presb.
612 1363 760 1435 canonici
787 1365 1008 1458 suprascripte
1028 1365 1194 1449 Ecclesie,
1221 1365 1275 1460 qui

92 1517 153 1565 suo
173 1494 303 1564 nominc
323 1491 483 1562 subscribi
505 1492 645 1584 rogavit.

182 1619 318 1714 Signum
338 1617 481 1701 Ottonis,
502 1617 613 1711 presb.
629 1617 777 1688 canonici
798 1617 1019 1710 suprascripte
1039 1617 1201 1702 Ecclesia,
1222 1619 1275 1713 qui

93 1767 154 1817 suo
174 1746 303 1815 nomine
324 1744 483 1816 subscribi
503 1743 645 1838 rogavit.

182 1871 319 1966 Signum
356 1870 444 1941 Petri
482 1868 640 1952 Ruibulo,
685 1868 830 1940 subdiac.
869 1870 1016 1941 canonici
1054 1871 1276 1965 suprascripte

93 1997 256 2082 Sceleris,
277 1997 330 2093 qui
349 2021 410 2068 suo
430 1997 559 2068 nominc
579 1995 738 2066 subscribi
758 1997 898 2090 rogavit.

184 2127 259 2219 Ego
292 2125 467 2208 Martinus,
505 2123 668 2219 presbiter
707 2130 740 2194 ct
776 2126 954 2196 eanonicus
986 2124 1134 2196 Ecclesia
1166 2132 1279 2196 sancte

92 2251 229 2345 Sopbie,
253 2274 294 2322 m.
316 2275 359 2322 m.
380 2275 424 2321 ss.

255 2377 330 2471 Ego
350 2379 563 2450 Paternianus
582 2377 622 2448 de
641 2377 787 2460 Putbco‚
815 2378 1033 2450 subdiaconus
1059 2387 1093 2449 et
1118 2379 1277 2462 notarius,

96 2503 254 2599 compleri
275 2511 310 2575 ct
327 2503 492 2576 roboravi.

257 2632 331 2725 Ego
352 2631 517 2702 Pascbalis
536 2633 662 2714 Mauro,
689 2629 908 2702 subdiaconus
928 2637 962 2701 ct
980 2631 1140 2716 notarius,
1166 2654 1277 2701 erem-

93 2759 201 2852 plum,
229 2764 392 2852 sumptum
413 2781 451 2828 cx
470 2761 637 2830 autentico
663 2757 822 2853 praedicti
841 2758 959 2828 domiui
979 2757 1279 2852 Constantinopoli·

96 2884 166 2955 tani
185 2883 392 2968 Patriarcbc‚
418 2886 490 2978 rjus
510 2884 617 2979 sigillo
637 2887 811 2966 munitum,
837 2885 971 2978 scripsi,
997 2907 1058 2955 nee
1077 2886 1193 2967 minui,
1217 2907 1279 2956 nec

94 3011 254 3106 ampliavi,
274 3012 432 3107 complevi
453 3019 487 3084 ct
504 3012 669 3084 roboravi.

615 3210 768 3281 CXLVll.

290 3352 479 3417 innocentius
495 3351 537 3414 ΙΙΙ
554 3351 883 3435 constantinopolitano
900 3351 1087 3435 lnpcrstrrl.

97 3495 295 3561 Tranamittit
305 3493 349 3559 ad
361 3495 498 3560 Graecos
510 3491 755 3582 B[enedietum],
772 3494 858 3560 tituli
867 3501 999 3560 sauctae
1010 3495 1176 3561 Susouooc
1184 3517 1279 3582 prco-

93 3606 236 3690 bytcrum
252 3603 456 3676 cardinalem,
478 3603 673 3690 apostolieae
689 3603 782 3668 Sedis
797 3625 818 3666 a
835 3605 936 3668 latere
953 3605 1113 3692 Legatum,
1130 3605 1279 3692 illumque

483 3711 675 3798 Imperatori
690 3713 893 3776 commendat.

452 3855 482 3908 Α.
501 3853 525 3909 d.
546 3854 632 3915 1205,
651 3853 693 3908 dio
713 3854 755 3908 15.
776 3871 809 3907 m.
829 3853 916 3908 bladii.

185 3984 313 4048 lnooc.
338 3983 374 4046 lll
402 3983 489 4066 epist.
513 3982 567 4046 lib.
592 3982 668 4054 Vlll,
697 4003 745 4068 ep.
775 3981 826 4046 LV
854 3983 902 4048 cd.
933 3984 1153 4070 Brdquiguy
1180 3983 1216 4046 Τ.
1244 3983 1279 4060 ll,

92 4091 256 4178 pugilli.
282 4091 463 4175 Raynald.
481 4091 499 4155 l.
518 4112 544 4155 e.
563 4093 596 4176 ᾗ.
616 4090 668 4156 14.
694 4091 785 4156 Gesta
802 4091 902 4156 lnnoc.
920 4113 947 4156 e.
966 4091 999 4156 C.

184 4241 301 4312 Divisis
329 4241 398 4311 aliis
422 4243 567 4313 vestibus
595 4242 722 4312 Domini
750 4245 830 4314 Jesu
857 4241 994 4324 Christi,
1024 4243 1134 4314 tunica
1162 4244 1280 4314 incon-

93 4368 199 4440 sutilis
233 4368 286 4438 uni
316 4368 417 4440 cessit
441 4369 472 4437 in
500 4376 639 4452 sortcm,
675 4375 711 4439 ut
738 4369 839 4462 ipsius
868 4369 1037 4453 Ecclesia,
1074 4393 1167 4464 quam
1196 4371 1281 4440 sicut

92 4495 319 4566 vestimentum
344 4495 466 4579 induit,
492 4517 554 4567 una
575 4503 680 4577 essct,
708 4496 791 4566 etin
812 4519 851 4567 ca
870 4519 972 4579 uncus,
999 4495 1088 4567 velut
1106 4497 1136 4566 in
1156 4497 1280 4589 piscina
