3130 5082
293 379 342 450 82
727 393 846 447 Passum
861 393 1034 448 Wasssunm.

293 562 451 624 voluntate
465 561 519 624 sab
529 560 751 645 jurejarando,
768 559 958 624 obsidionem
974 559 1060 624 eirea
1076 560 1190 645 Quem
1206 561 1257 623 vel
1267 557 1478 624 Asabalonem
1560 647 1561 652 γ

292 678 362 758 past
388 669 605 757 Epiphaniam
632 689 736 756 opere.
768 667 818 733 lta
843 689 940 756 usqae
961 669 1069 734 debon
1091 671 1232 755 profesti
1251 669 1479 757 disposuerant

292 799 357 844 ana
379 801 448 846 eum
468 780 631 850 Venetieis,
660 779 774 863 lyram
789 778 882 843 adire
903 785 933 843 et
956 779 1113 849 obsidere.
1137 779 1329 844 Patriaroba
1351 779 1480 868 quiderm

294 913 361 956 uam
377 891 442 954 suis
456 889 598 960 subditis,
614 889 693 953 Due
708 909 782 953 aero
798 907 865 951 eum
882 889 988 952 nautis
1004 895 1034 952 et
1049 889 1181 954 naorbsas
1195 890 1280 965 snis;
1301 889 1388 976 quod
1404 891 1481 972 faa·

294 1009 358 1065 mm
381 1007 427 1065 est
449 999 567 1064 decimo
591 999 698 1086 quitata
720 995 843 1062 tatem
866 997 986 1062 Martii
1005 1035 1048 1046 —-
1071 997 1145 1061 lbid.
1163 1018 1228 1081 sap.
1247 997 1321 1070 Lvl,
1344 1019 1375 1080 p.
1394 993 1482 1059 Μῦς

296 1109 446 1196 duplatis
461 1117 563 1173 autem
581 1107 670 1195 apud
688 1109 813 1192 tynam,
835 1115 932 1196 prend
950 1107 1099 1194 oportuit.
1115 1107 1249 1196 nepotiis
1264 1115 1296 1172 et
1309 1105 1482 1196 tripartita

296 1219 450 1284 diuisione
462 1217 634 1306 dispositis,
652 1223 682 1280 et
697 1215 947 1304 equiparatiaae
959 1237 1107 1306 conperta,
1125 1217 1246 1282 duabus
1257 1215 1482 1305 proportioni-

296 1332 351 1396 bus
366 1329 463 1415 sepia
478 1327 599 1392 seilicet
611 1327 772 1414 potestati,
789 1333 819 1390 et
835 1327 931 1391 tertia
948 1326 1142 1391 hereditario
1152 1327 1231 1412 jure
1251 1325 1400 1391 beaumis
1416 1335 1484 1391 tam

297 1439 330 1504 in
345 1440 430 1509 urbe,
448 1456 539 1523 quam
554 1436 588 1499 in
599 1443 696 1522 portu
711 1434 875 1522 sipillatim
891 1435 1086 1506 contraditas,
1103 1441 1302 1502 recesserunt
1316 1457 1423 1500 omnm
1440 1433 1486 1498 ad

297 1571 364 1612 sua.
389 1545 473 1610 adae
489 1543 647 1608 Historiam
667 1543 962 1626 Hierosolymitanam
982 1542 1093 1630 (Gesta
1110 1543 1160 1609 dei
1183 1565 1238 1630 per
1254 1543 1386 1608 Francos
1402 1543 1442 1606 Τ.
1461 1543 1484 1615 1,

301 1679 329 1740 p.
348 1655 441 1740 620).

389 1761 798 1844 GuilielmasTyr.12‚
821 1759 864 1824 bb
889 1757 1000 1845 (Gesta
1019 1761 1067 1826 dei
1089 1781 1144 1846 per
1160 1763 1294 1826 Francos
1316 1762 1369 1825 ed.
1388 1763 1486 1825 Ban-

299 1893 401 1957 gsrs.
418 1872 455 1934 T.
472 1872 493 1944 1,
509 1891 539 1953 p.
557 1869 623 1936 829
640 1867 723 1955 sq.):
748 1870 900 1935 Dominus
916 1891 988 1934 aero
1010 1871 1203 1938 Patriaraba
1217 1865 1488 1956 Hierosolp'mita-

299 2005 357 2048 nus
375 1979 672 2064 Garmundus¹),
690 1979 832 2044 dominus
850 2001 969 2067 qnoque
983 1979 1184 2047 Wilelmns
1199 1981 1376 2047 deBuris
1392 1981 1491 2068 repni

300 2092 549 2159 constabularius
562 2099 591 2155 et
603 2097 804 2176 promeretur,
821 2091 873 2154 Pa
879 2109 958 2177 pan
966 2111 1009 2156 us
1022 2113 1142 2178 quaque
1154 2093 1260 2182 sepius
1272 2092 1490 2158 cancellarius

300 2225 364 2269 uno
388 2223 456 2267 eum
479 2199 750 2287 Arebiepiseopis‚
778 2199 948 2286 Epismpis
975 2207 1006 2265 et
1032 2201 1156 2266 aestuis
1181 2201 1275 2289 repni
1296 2201 1490 2290 proceribus

301 2315 481 2387 audientes,
506 2311 590 2402 qnod
611 2311 689 2374 lissa
710 2310 837 2374 Venetia
861 2331 929 2374 uem
952 2312 1064 2376 nauali
1082 2313 1227 2377 exercitu
1244 2313 1362 2377 nastris
1377 2311 1490 2399 appli-

303 2425 417 2489 cuisset
433 2419 588 2486 littoribus
604 2418 689 2484 etde
705 2419 843 2483 bostibus
859 2421 904 2484 ita
924 2421 1062 2508 pluriose
1077 2420 1310 2508 triumphasset.
1333 2423 1492 2486 misemmt

303 2531 436 2596 nuneias
451 2529 496 2594 ad
510 2551 588 2602 mm,
605 2529 688 2592 airas
700 2529 874 2615 prudentes
890 2537 922 2593 et
936 2529 1090 2606 honestas,
1107 2533 1174 2620 qui
1189 2553 1272 2596 erem
1288 2540 1327 2596 et
1343 2531 1493 2619 populi

306 2643 542 2706 Venetorum
578 2640 783 2726 primores
825 2641 1113 2729 euereitnsqne
1149 2646 1395 2732 capitaneos
1435 2661 1492 2703 ee

304 2747 880 2838 partedominiPatriareboe,
900 2751 1134 2838 principum
1160 2761 1197 2817 et
1214 2751 1491 2840 populisalu·

308 2859 959 2944 tarent,etaaneeptamdeserum
975 2861 1150 2928 aduentu
1166 2861 1492 2948 latitiumsipni-

302 2969 505 3054 sinerent,
539 2966 763 3031 invitantes
796 2989 875 3043 eos,
910 2975 951 3033 nt
983 2973 1100 3058 rapui
1136 2972 1493 3036 commoditatibus

307 3077 608 3162 indifferenter
635 3081 822 3162 tanquam
849 3075 956 3142 aives
982 3085 1020 3143 et
1050 3079 1265 3146 domesiiai
1290 3081 1382 3166 frui
1413 3101 1494 3145 nou

307 3185 570 3259 dubitarent;
590 3191 760 3272 paratas
781 3197 1193 3266 ssesseasserentes,
1218 3189 1496 3255 humanitatis

308 3295 468 3383 lapibus
501 3301 538 3358 et
564 3297 688 3380 plena
719 3293 1025 3380 hospitalitatis
1048 3299 1195 3385 pratia
1221 3323 1262 3364 se
1287 3323 1356 3365 eos
1380 3301 1495 3364 velle

308 3413 511 3479 tractare,
527 3410 646 3490 prout
662 3403 842 3475 decebat.
859 3401 1287 3494 laberepropositam.
1310 3399 1494 3495 masma,

309 3519 342 3577 ut
358 3519 389 3577 et
404 3515 474 3578 laea
490 3519 601 3578 saneta
616 3512 671 3576 diu
686 3519 760 3576 ante
776 3521 927 3598 concepta
942 3513 1105 3596 deuotione
1120 3518 1258 3589 videret,
1281 3527 1312 3582 et
1327 3519 1496 3606 principi-

310 3624 375 3692 bus,
393 3621 494 3708 quise
510 3629 572 3686 tam
586 3619 718 3708 benipne
733 3621 952 3692 invitaverant,
969 3623 1158 3714 loqueretur,
1173 3627 1305 3702 relictis,
1323 3627 1379 3713 qui
1392 3629 1500 3691 alasse

307 3740 496 3818 praeessent,
520 3730 598 3794 uiris
616 3729 840 3818 prudentibus,
862 3730 931 3818 ipse
953 3750 1021 3796 oum
1040 3733 1211 3800 maioribus
1226 3737 1366 3821 ejusdem
1380 3737 1502 3823 populi

313 3841 560 3922 Hierosolymam
576 3837 670 3901 venit.
705 3837 761 3902 Ubi
775 3837 902 3902 boneste
916 3847 1078 3926 smoeptus
1094 3849 1125 3906 et
1140 3863 1209 3908 aum
1223 3847 1323 3910 multa
1339 3851 1501 3913 mammas

314 3947 552 4033 honorificentia
572 3947 679 4010 natale
700 3945 819 4010 domini
833 3949 1011 4013 celebravit.
1042 3949 1098 4014 Ubi
1111 3952 1206 4016 mam
1221 3977 1242 4018 a
1258 3957 1352 4044 repni
1366 3959 1501 4042 prinei·

310 4055 405 4144 pibus
420 4053 590 4141 dilipenter
605 4053 814 4124 commonitus,
830 4061 864 4120 ut
877 4055 996 4120 Cbristi
1009 4059 1138 4123 servitio
1153 4069 1185 4124 et
1200 4061 1393 4130 incrementa
1404 4067 1503 4155 repni

314 4186 348 4228 se
364 4163 407 4227 ad
421 4171 543 4249 tempus
557 4161 688 4248 aliquod
701 4161 905 4250 manciparet,
927 4167 1101 4252 respondit,
1123 4171 1230 4255 quad
1244 4173 1294 4236 ad
1309 4173 1384 4240 boe
1406 4197 1456 4264 sp
1466 4198 1501 4241 e·

317 4269 729 4344 sialiteraenerit‚et
745 4271 794 4334 ud
808 4271 972 4338 bootata
988 4277 1502 4368 ejusdiripebaturinteu·

317 4381 381 4445 tia.
405 4379 534 4444 Factum
551 4384 598 4441 est
613 4399 688 4460 erpo
704 4377 744 4442 de
761 4381 914 4444 communi
928 4383 1069 4459 oonsilio,
1092 4387 1178 4471 quod
1194 4399 1356 4475 prasente
1371 4393 1502 4460 domino

343 4594 368 4666 ¹)
389 4593 466 4648 sil-s.
480 4591 563 4647 ¹564:
583 4589 838 4647 Gusrsmuadus.
