3148 5080
1 421 2 428 .
115 395 225 450 honus
234 393 258 449 ll
268 410 331 449 rur.
343 407 579 449 euursouunurmr
591 409 627 446 nn
636 407 777 448 nnsuour.
789 391 817 446 S.
828 391 981 446 Zocnouuu
991 404 1115 446 uonnsr.
1125 389 1251 444 Vrncuo.

686 1139 712 1208 l.

91 1278 199 1344 leonis
217 1277 240 1342 l
256 1278 385 1344 imerii
401 1277 565 1342 drneorn
579 1277 771 1360 lupercum
788 1275 1022 1358 chrysolrlllu
1044 1275 1081 1339 de
1096 1274 1294 1340 restaurando

217 1389 403 1452 moruleris
419 1387 448 1454 S.
464 1387 612 1452 racione
628 1385 781 1469 prophete
798 1385 829 1449 Ιι
846 1385 970 1450 clrltole
986 1384 1183 1450 locellorum.

580 1518 612 1573 Α.
625 1518 652 1572 d.
665 1516 819 1572 sil-820.

1 1663 2 1748 l
93 1622 207 1745 ipsum
249 1657 446 1742 imperatoris
485 1653 721 1741 chrysobullium
757 1654 911 1718 interiisse
945 1651 1074 1719 videtur.
1121 1652 1206 1735 Quod
1243 1671 1299 1716 nos

1 1781 2 1786 ’
95 1770 300 1852 evulgamus,
349 1773 396 1832 est
439 1767 595 1830 decretum
638 1764 822 1839 iustiniani,
868 1763 1052 1828 Venetorum
1088 1762 1182 1828 Ducis
1215 1762 1299 1826 initio

97 1879 195 1945 seculi
212 1877 253 1941 lX
270 1873 500 1964 (suu-829).
533 1873 596 1938 lloc
620 1875 735 1960 primus
759 1871 856 1938 edidit
876 1873 1048 1938 Bonnoui
1071 1873 1102 1935 in
1124 1870 1254 1936 Silentio
1271 1871 1302 1935 di
1442 1954 1444 1962 Α

1 1993 2 2004 ²
98 1987 131 2052 S.
147 1984 298 2050 zaccaria
315 1983 440 2048 snodalo
457 1981 564 2046 Venct.
583 1981 682 2049 1678.
699 2002 729 2065 p.
748 1978 802 2044 44.
827 1981 871 2045 lix
894 1981 1016 2045 archivo
1035 1979 1151 2045 Veneto
1172 1981 1301 2064 repetiit

1 2121 2 2154 o
97 2093 247 2158 hebr-et
261 2095 292 2156 in
311 2090 423 2158 Gescln
438 2090 468 2154 d.
481 2091 555 2176 llep.
568 2088 720 2172 Venedig,
737 2090 773 2152 T.
791 2090 813 2161 1,
826 2109 856 2174 p.
874 2089 948 2154 148.
966 2089 1013 2152 lle
1025 2090 1083 2153 hoc
1097 2088 1221 2154 decreto
1235 2091 1302 2153 sive

1 2185 2 2244 i
99 2203 313 2268 declaratione
328 2200 423 2266 Ducis
439 2197 544 2264 Veneli
556 2199 598 2263 itu
609 2197 747 2262 Andreas
764 2198 958 2262 Dendulus
974 2199 1006 2262 in
1018 2198 1163 2262 chronico
1175 2197 1302 2285 (limat.

1 2349 2 2360 2
99 2311 231 2394 Scriplt.
248 2329 311 2372 rer.
328 2309 391 2373 llal.
408 2309 444 2372 T.
461 2307 524 2385 llll,
541 2329 570 2392 p.
590 2306 690 2394 ldd):
715 2309 778 2373 Per
801 2307 859 2372 loos
875 2308 944 2372 dieo
968 2305 1067 2395 [circa
1091 2326 1197 2371 annum
1216 2303 1299 2394 814]

101 2421 244 2506 Anpelus
259 2419 358 2490 Duru,
377 2418 427 2482 uir
443 2417 633 2488 catholicon,
655 2437 676 2480 a
692 2417 796 2480 Leone
817 2416 1015 2502 imperatore
1030 2416 1171 2502 suscepit
1186 2435 1304 2502 corpus

1 2533 2 2542 ’
102 2527 209 2592 sunni
225 2526 395 2592 Zachariae
413 2525 584 2612 prophetoe
600 2531 631 2590 el
641 2531 771 2611 portem
787 2524 869 2612 lipni
883 2524 989 2590 mucio
1006 2531 1037 2590 et
1051 2525 1303 2590 indumentorum

1 2669 2 2714 3
107 2635 230 2702 coruos·
260 2642 292 2699 el
321 2634 434 2699 mainis
460 2634 530 2719 ejus
558 2655 627 2699 cum
658 2633 806 2720 plurimis
839 2633 1019 2709 coenam
1050 2641 1082 2699 ei
1114 2635 1171 2700 stud
1201 2633 1309 2698 suncti

107 2742 280 2808 Zacharioe
294 2741 455 2814 coeman.
479 2763 543 2806 non
562 2743 680 2828 procul
693 2763 714 2806 o
725 2741 852 2827 palutio
868 2763 936 2818 noo,
958 2742 1183 2808 monasterium
1201 2741 1308 2826 fodri·

1 2845 2 2906 ἒ
107 2851 203 2928 cccii,
227 2851 315 2938 quod
327 2849 512 2914 monialium
528 2870 596 2914 csoc
610 2850 762 2925 decrevit,
784 2855 817 2914 el
836 2856 942 2914 tunsa
964 2857 996 2914 et
1016 2871 1118 2938 equos
1133 2851 1195 2916 eibi
1210 2850 1307 2916 coud-

1 2961 2 2964 ’
107 2959 268 3023 normes
278 2959 378 3045 plene
394 2957 564 3028 concessit,
588 2961 621 3020 ci
639 2957 794 3044 reliquiae
815 2965 979 3045 nosceptus
994 2958 1030 3022 in
1045 2959 1157 3024 eadem
1172 2959 1309 3024 ccclesia

108 3065 267 3155 deposrn'd.
297 3065 342 3130 Ad
359 3084 447 3148 quern
463 3064 592 3128 Danduli
614 3065 713 3129 locum
737 3067 777 3130 iin
794 3065 976 3130 Muratorius
993 3065 1013 3128 l.
1031 3086 1075 3130 ο..
1103 3068 1154 3142 „in
1170 3068 1309 3148 margine

1 3245 2 3258 ζ
110 3175 177 3239 cod.
198 3173 338 3238 Ambros.
361 3171 428 3236 haec
452 3175 605 3236 notantur:
635 3173 666 3235 in
691 3171 748 3236 alio
776 3173 882 3237 codice
910 3179 1077 3259 sequuntur
1104 3174 1171 3240 haec
1200 3175 1310 3240 serbe:

1 3306 2 3372 g
110 3288 179 3348 sunt
201 3281 306 3368 aliqui,
327 3281 379 3366 qui
401 3301 460 3346 non
481 3279 519 3344 ab
536 3279 662 3362 Angelo,
684 3281 739 3345 sed
757 3299 774 3344 a
791 3279 963 3370 iustiniano
986 3281 1132 3367 reliquias
1153 3287 1311 3367 susceptas

111 3397 142 3456 et
156 3391 375 3455 monasterium
397 3388 580 3454 aedificatum
600 3389 746 3454 scribunt.
781 3389 895 3472 Quibus
918 3391 1103 3474 suffragatur
1125 3397 1213 3458 tenor
1235 3411 1311 3457 con-

1 3473 2 3566 i
111 3499 265 3566 cessionis
288 3499 377 3564 sactae
402 3498 484 3563 dicto
507 3499 706 3572 monasterio,
737 3498 827 3580 hujus
849 3501 966 3564 tenoris
987 3499 1123 3566 seilicet:
1154 3501 1314 3590 copniloon

1 3609 2 3612 ’
111 3607 154 3672 ait
180 3606 328 3672 omnibus
356 3605 547 3672 diffiducio
573 3611 656 3678 cett„
683 3610 716 3670 ut
738 3605 818 3680 alibi,
847 3612 879 3670 et
905 3607 936 3670 in
961 3607 1046 3672 culce
1070 3607 1216 3672 Leonis
1241 3613 1313 3673 cett.

111 3715 216 3800 ltaque
240 3715 399 3798 placuisse
421 3713 540 3778 ridetur
567 3714 780 3778 monasterium
802 3719 1009 3779 constructum
1036 3717 1133 3781 fuisse
1161 3716 1200 3782 de
1227 3717 1314 3782 bonis

112 3823 322 3909 imperialibus
349 3842 406 3906 per
433 3821 634 3887 lastinianum
662 3823 804 3887 ducem“.
845 3823 883 3888 ut
915 3823 981 3890 nnc
1007 3829 1094 3890 recle
1120 3825 1340 3891 Murntorius.

202 3931 350 3995 Eiusdem
378 3932 424 3995 rei
450 3931 561 3996 mentio
584 3933 664 3996 iacta
691 3931 793 3996 estin
815 3931 893 3996 libro
919 3933 1066 4016 singulari
1090 3955 1125 3998 ac
1141 3936 1315 4001 rarissimo:

119 4041 291 4126 „Squitiuio
323 4039 402 4103 della
431 4037 539 4103 liberta
562 4038 688 4104 Veneta.
732 4039 789 4104 Nel
817 4039 906 4124 quale
933 4043 959 4104 si
987 4042 1145 4107 adducono
1168 4043 1265 4108 anche
1289 4045 1319 4108 le

1 4153 2 4214 l
117 4168 257 4232 reggrom
248 4145 342 4211 dell
348 4147 465 4232 lmpero
476 4147 607 4213 Romano
618 4167 708 4233 sopra
716 4147 746 4212 la
755 4149 827 4214 colli
837 4149 907 4212 el
881 4169 1017 4232 srgnorra
1026 4151 1056 4214 dr
1065 4151 1203 4216 Venetia
1219 4152 1321 4216 Storn-

1 4731 3 4910 l

117 4258 229 4342 patoin
241 4254 421 4330 lllirandola,
438 4276 584 4342 appresso
597 4256 747 4322 Giouanni
759 4257 936 4324 Benincasn.
951 4259 991 4322 Μ
1000 4258 1064 4324 DC.
1073 4259 1158 4324 Xll“.
1176 4260 1264 4345 lhip.
1274 4261 1319 4326 52

119 4365 182 4430 haec
196 4366 361 4449 leguntur.
387 4362 444 4439 „U
454 4384 530 4429 anno
550 4366 617 4430 820
639 4366 671 4430 iu
693 4368 797 4430 acciso
821 4367 924 4431 beorn
947 4368 1077 4433 Armeno
1100 4369 1269 4453 Imperator
1290 4369 1322 4432 di

1 4489 2 4504 ¹
120 4471 390 4557 Constantinopoli.
414 4474 551 4558 Atempo
566 4475 596 4538 dr
608 4477 721 4548 eostur
742 4473 959 4559 ediespresso
973 4497 1028 4542 suo
1041 4478 1320 4543 commendamento

121 4581 314 4647 infabricato
330 4579 351 4645 il
364 4582 544 4647 monasterio
558 4581 589 4646 di
603 4581 635 4648 S.
650 4584 816 4648 zaccaria
807 4605 838 4648 m
851 4583 980 4650 Vinelia
998 4585 1097 4670 Sopra
1110 4586 1168 4652 che
1180 4607 1207 4650 sr
1199 4586 1322 4668 Qlegga

153 4691 185 4736 u
186 4692 248 4736 nm
260 4690 309 4734 xor.
1090 4693 1104 4746 1
