3110 5076
311 365 386 438 232
580 374 671 430 Errsr.
683 373 776 460 lrvpvoc.
789 373 823 428 lll
836 391 871 427 ns
885 389 972 428 annuo
986 389 1014 427 nv
1029 373 1204 428 Sarracenos.

310 548 524 643 praesentiam
550 545 755 629 destinamus,
788 545 828 616 ad
855 544 1089 616 reformandam
1113 535 1249 640 pacem,
1276 541 1325 614 vel
1344 549 1477 636 treugas

314 677 426 748 saltem
441 696 542 768 usque
557 673 598 744 ad
608 673 855 767 quinquennium
865 671 1069 755 ordinandas,
1085 678 1120 743 et
1132 670 1351 744 exhortandos
1370 693 1478 764 popu-

311 803 362 874 los
379 803 419 873 ad
434 801 622 893 obsequium
637 800 789 884 crucifixi,
808 823 900 894 quem
915 800 998 870 sicut
1013 799 1211 894 apostolicae
1225 798 1312 869 sedis
1322 797 1482 892 Legatum
1552 797 1554 862 l

310 931 457 1002 volumus
472 927 697 999 ctmandamus
712 928 751 998 ab
762 927 909 1004 omnibus
923 925 1133 1010 bonorari‚et
1141 925 1298 997 mandatis
1308 932 1342 996 ct
1351 925 1481 995 statutis
1553 951 1554 974 ³

311 1055 723 1152 ipsiusbumiliterobcdiri;
739 1051 1481 1148 dictumautcmStepbanumsanctaePraxedis
1552 1103 1554 1136 ,

310 1184 456 1278 Presbyt.
478 1183 574 1256 Gard.
594 1183 745 1253 Venetiae
764 1206 823 1278 pro
838 1189 946 1254 terrac
963 1189 1093 1253 sanctae
1108 1181 1251 1252 subsidio
1272 1181 1481 1252 destinamus.
1553 1245 1554 1248 ,

399 1313 447 1382 lle
471 1311 631 1382 communi
662 1315 833 1403 praeterea
863 1313 997 1382 fratrum
1028 1314 1214 1380 nostrorum
1248 1306 1482 1380 deliberatione

314 1439 493 1522 statuimus,
509 1445 542 1509 et
555 1438 659 1521 vobis,
678 1439 795 1510 fratres
809 1437 1054 1532 Arcbiepiscopi
1069 1443 1102 1507 ct
1120 1437 1286 1531 Episcopi,
1305 1445 1340 1507 ct
1358 1435 1414 1507 dil.
1429 1435 1483 1506 filii
1553 1471 1554 1476 κ

311 1565 465 1650 Abbatcs,
490 1567 619 1637 Priores
639 1566 742 1637 etalii
761 1566 980 1638 Ecclesiarum
1003 1563 1159 1647 Praelati,
1187 1562 1332 1634 districte
1350 1565 1481 1656 praeci·

310 1693 428 1787 piendo
454 1693 651 1778 mandamus,
679 1700 835 1787 quatenus
861 1701 986 1766 certum
1008 1713 1174 1762 numerum
1197 1691 1408 1774 bellatorum,
1433 1689 1483 1794 vel
1553 1695 1554 1698 ’

310 1845 371 1916 pro
400 1827 492 1892 certo
520 1843 652 1891 numero
688 1827 809 1892 certam
843 1821 1001 1914 pecuniae
1037 1819 1243 1912 quantitatem
1271 1819 1303 1888 in
1336 1819 1483 1912 proxime

310 1949 456 2042 sequenti
475 1947 602 2030 llartio,
628 1955 763 2042 pensata
786 1947 940 2018 facultate
960 1947 1143 2031 cuiuslibet,
1170 1946 1210 2016 ad
1235 1945 1482 2040 expugnandam

309 2097 510 2170 paganorum
533 2076 715 2147 barbariem
741 2082 774 2147 et
796 2076 984 2147 servandam
1003 2074 1214 2145 hereditatem
1233 2073 1360 2144 Domini
1381 2073 1484 2142 desti-

311 2205 410 2288 netis,
436 2227 528 2297 quam
555 2205 625 2298 ipse
648 2204 783 2298 proprio
809 2204 968 2297 sanguine
994 2203 1202 2295 comparavit.
1232 2201 1266 2271 Si
1286 2203 1356 2294 quis
1374 2209 1484 2272 autem

310 2329 416 2424 (quod
445 2355 507 2401 non
543 2331 724 2424 credimus)
755 2331 979 2403 constitutioni
1015 2335 1079 2401 tam
1113 2331 1185 2423 piac
1213 2352 1251 2398 ac
1276 2328 1485 2399 necessariae

308 2458 559 2553 praesumpserit
578 2460 722 2543 obviare,
740 2458 824 2529 sicut
842 2481 1010 2530 sacrorum
1025 2479 1183 2528 canonum
1201 2463 1483 2551 transgressorem

309 2585 507 2658 decrevimus
527 2586 740 2680 puniendum,
767 2592 801 2657 ct
824 2609 926 2681 usquc
946 2586 986 2656 ad
1005 2585 1258 2657 satisfactionem
1284 2583 1483 2676 condignam

308 2713 348 2784 ab
369 2714 476 2785 officio
496 2735 665 2784 censemus
686 2736 814 2784 manere
834 2735 1036 2808 suspensum.

396 2840 445 2910 lle
465 2841 524 2912 Dei
545 2863 627 2934 ergo
654 2841 874 2912 misericordia
894 2847 927 2912 et
951 2840 1120 2912 beatorum
1140 2838 1372 2933 Apostolorum
1393 2840 1482 2909 Petri

309 2975 342 3039 ct
359 2967 446 3038 Pauli
468 2972 661 3040 auctoritate
678 2970 801 3052 confisi,
824 2993 862 3039 er
880 2969 944 3053 illa,
965 2991 1059 3062 quam
1071 2966 1164 3037 nobis
1177 2967 1277 3050 Dens,
1296 2967 1375 3038 licet
1393 2967 1481 3036 indi-

309 3096 394 3189 gnis,
418 3093 539 3187 ligandi
558 3103 591 3167 et
609 3096 754 3167 solvendi
773 3095 919 3180 contulit,
939 3101 1115 3190 potestate,
1136 3093 1293 3177 omnibus,
1313 3095 1368 3186 qui
1386 3095 1482 3165 labo-

310 3245 378 3292 rem
408 3221 501 3293 buius
530 3224 654 3294 itineris
680 3225 710 3294 in
737 3224 884 3317 personis
909 3223 1049 3316 propriis
1075 3221 1230 3293 subierint
1257 3228 1291 3291 et
1318 3223 1481 3315 expensis,

307 3348 432 3444 plenam
457 3357 665 3442 peccatorum
692 3373 842 3434 suorum,
869 3349 910 3420 dc
936 3351 1051 3442 quibus
1077 3349 1142 3420 oris
1169 3355 1202 3419 et
1221 3347 1328 3418 cordis
1349 3351 1483 3442 egerint

307 3478 553 3570 poenitentiam,
582 3479 706 3550 veniam
729 3477 950 3570 indulgemus,
979 3477 1061 3548 etin
1079 3477 1293 3547 retributione
1312 3473 1481 3567 justorum

308 3604 419 3675 salutis
440 3610 592 3676 aeternae
610 3606 800 3700 pollicemur
819 3613 1035 3699 augmentum.
1065 3604 1122 3674 Eis
1141 3611 1266 3688 autem,
1287 3605 1340 3696 qui
1362 3607 1482 3676 nonin

308 3733 456 3825 personis
482 3734 620 3827 propriis
640 3733 715 3804 illuc
734 3733 949 3816 accesserint,
976 3731 1084 3802 sedin
1103 3732 1169 3803 suis
1187 3737 1310 3802 tantum
1329 3733 1482 3825 expensis

304 3859 397 3950 juxta
415 3859 600 3930 facultatem
620 3866 653 3930 et
672 3860 855 3954 qualitatem
875 3883 963 3931 suam
979 3861 1066 3932 viros
1084 3861 1219 3932 idoncos
1234 3860 1480 3945 destinaverint,

306 3983 368 4055 illic
382 3985 495 4057 'saltem
508 4010 568 4080 per
581 3987 742 4056 biennium
757 3993 951 4072 moraturos,
968 3993 1002 4058 ct
1015 3987 1075 4057 illis
1090 3987 1245 4068 similiter,
1267 3985 1320 4079 qui
1333 3986 1425 4073 licet,
1446 3987 1478 4057 in

307 4111 418 4184 alienis
437 4115 597 4208 expensis,
626 4115 657 4182 in
677 4115 817 4208 propriis
834 4121 940 4185 tamen
959 4115 1107 4207 personis
1127 4119 1311 4208 assumptae
1329 4115 1480 4208 peregri·

307 4241 446 4310 nationis
459 4240 604 4312 laborem
618 4241 831 4334 impleverint,
847 4241 970 4335 plenam
986 4264 1116 4313 suorum
1131 4243 1339 4314 concedimus
1354 4243 1481 4314 veniam

307 4374 527 4462 peccatorum.
547 4369 647 4440 Huius
667 4393 796 4462 quoque
815 4370 1014 4441 remissionis
1033 4369 1179 4441 volumus
1199 4395 1272 4441 esse
1290 4371 1479 4466 participes,

304 4498 396 4590 juxta
421 4498 629 4590 quantitatem
653 4497 806 4590 subsidij,
832 4521 870 4568 ac
897 4499 1071 4591 praecipue
1097 4497 1273 4569 secundum
1298 4497 1481 4570 devotionis

309 4615 470 4709 affectum,
487 4625 539 4718 qui
555 4625 594 4696 ad
608 4624 854 4697 subventionem
868 4624 950 4696 illius
962 4631 1069 4696 terrae
1085 4625 1125 4696 de
1139 4625 1233 4698 bonis
1247 4627 1314 4698 suis
1330 4648 1480 4721 congrue
