3110 5076
315 369 505 426 Pervrnueruu
520 371 620 426 Asrxu
633 369 667 424 ill
679 372 738 426 lna.
752 371 820 428 Vsu.
835 389 1011 428 concussum.
1175 361 1251 434 249

69 541 343 612 conuentionibus
363 565 505 634 quoque,
526 565 589 636 que
607 544 691 614 inter
710 567 781 616 eam
800 551 834 616 et
852 543 1106 616 dilleotissimum
1124 547 1257 616 fratrem

69 670 202 762 lmperij
213 670 276 740 mei
288 670 571 763 preimperantem,
582 671 745 744 dominum
760 671 917 744 lsaalrium
928 672 1101 766 Angelum,
1115 673 1257 757 lucrant,

1 839 2 894 1
69 800 162 894 quasi
183 799 447 892 suscipientibus,
467 799 694 872 nobillissimus
709 797 780 868 Dux
794 798 930 870 Venetie
943 805 976 870 et
994 805 1256 891 protoseuostos,

1 927 2 930 ’
69 929 232 1000 Henricus
246 928 426 1012 Dandolus,
446 953 485 1000 ac
499 930 595 1000 etiam
608 931 677 1022 ipsa
692 928 923 1000 veneticorum
938 927 1064 1021 consilij
1084 929 1257 1022 prudentia

1 1083 2 1156 q
70 1079 171 1150 super
194 1056 437 1148 requisitionem
463 1056 590 1128 unionis
617 1056 710 1148 quasi
734 1055 892 1126 dissolute
918 1077 1119 1149 nequaquam
1138 1077 1257 1148 supcr-

70 1183 278 1268 dormitnuit‚
307 1183 371 1252 imo
393 1182 524 1277 legatos
548 1183 588 1253 ad
612 1189 757 1254 nostram
782 1183 998 1254 transrmserit
1024 1182 1257 1274 [transmisit]

1 1370 2 1386 ,
71 1309 315 1381 celsitudinem:
334 1311 438 1404 primo
453 1310 581 1405 quidem
601 1311 783 1382 Rainerium
802 1311 922 1382 Zenrun
941 1311 1090 1382 etlilium
1109 1309 1255 1382 nobillis·

1 1479 2 1485 κ
69 1437 141 1508 sinui
166 1437 296 1531 quidem
319 1439 418 1509 Ducis
437 1437 583 1520 Venetis,
608 1436 687 1510 Auri
705 1423 853 1531 Magistri
860 1429 890 1530 ¹)
908 1439 1008 1521 Petri,
1031 1437 1200 1520 llarinum,
1220 1443 1255 1508 et

69 1565 218 1658 legatum
242 1565 283 1634 ab
309 1565 447 1657 lmperio
471 1589 545 1636 meo
565 1571 781 1659 suscoperunt
806 1565 1017 1658 gramaticum
1036 1565 1118 1647 eius,
1137 1571 1256 1659 proto-

70 1691 315 1764 nobillissimum
333 1699 520 1786 ypertaton,
541 1693 702 1764 dominum
721 1693 902 1764 lobannem
920 1691 1130 1762 Catallorum.

159 1819 204 1890 Et
224 1819 374 1912 quoniam
388 1820 516 1913 quidem
529 1843 589 1914 per
603 1843 676 1892 sum
695 1821 727 1890 in
741 1820 893 1914 Venecijs
908 1819 1108 1890 sufficienter
1122 1841 1256 1890 moran·-

1 1933 2 2016 i
71 1955 157 2030 tem,
185 1949 306 2040 quein
331 1944 550 2019 conuentione
575 1948 725 2041 ambigua
748 1955 857 2032 erant,
881 1947 965 2018 solui
983 1969 1049 2018 non
1068 1953 1256 2040 potuerunt,

1 2105 2 2128 ¹
72 2074 154 2146 alios
172 2075 284 2146 statim
300 2074 431 2170 legatos
450 2076 491 2148 sd
509 2081 655 2147 nostram
672 2077 922 2147 transmiserunt
946 2073 1194 2157 sublimitatem,
1225 2079 1259 2146 et

73 2226 133 2276 uec
151 2227 217 2298 per
234 2226 294 2274 eos
312 2203 459 2275 ualentes
477 2205 611 2297 pacisci,
631 2203 714 2296 [ao]
729 2206 824 2276 linem
835 2205 954 2298 apponi
973 2204 1033 2286 eis,
1053 2227 1117 2296 que
1135 2203 1175 2275 ab
1194 2201 1258 2296 hijs

74 2331 311 2425 querebantur,
338 2355 399 2404 nec
424 2331 559 2402 aliorum
583 2332 767 2426 legatorum
792 2331 978 2402 missionem
1003 2331 1259 2425 procelauerunt

73 2459 377 2556 wachonem,
403 2461 467 2530 imo
494 2465 704 2530 assesserunt
728 2467 763 2530 et
783 2483 912 2531 rursum
932 2459 973 2530 nd
991 2465 1136 2530 nostram
1153 2459 1256 2554 legati

0 2682 1 2693 ἵ
75 2587 212 2659 Venetis
230 2587 504 2680 tranquillitatem,
523 2589 682 2660 llenricus
700 2587 907 2681 Nauagiosus
915 2581 959 2680 ²),
978 2585 1126 2658 Andreas
1143 2588 1257 2659 Dona·

72 2721 123 2786 tus
151 2721 186 2786 et
211 2714 408 2786 Benedictus
426 2715 599 2786 Grillionis.
638 2715 681 2786 Et
708 2737 781 2786 cum
805 2737 867 2786 neo
891 2716 966 2799 ista,
993 2737 1056 2807 que
1082 2714 1256 2808 legationis

0 2906 1 2943 3
75 2849 178 2927 eraut,
204 2865 267 2936 pro
286 2866 346 2914 suo
366 2842 450 2914 uelle
468 2845 556 2936 ipsos
575 2843 746 2926 imitantia,
772 2843 805 2912 in
824 2835 1040 2935 Venetiam³),
1066 2841 1107 2913 ad
1127 2866 1163 2912 se
1182 2843 1257 2914 mit-

75 2975 194 3053 tentes,
215 2977 250 3040 et
266 2971 329 3064 ipsi
347 2970 488 3054 rediere,
508 2971 723 3064 suscipientes
737 2993 754 3040 a
770 2976 884 3041 nostra
903 2970 1080 3040 serenitate
1098 2968 1256 3063 legatum,

75 3103 294 3190 panseuaston
319 3105 475 3170 seuaston
495 3103 528 3169 et
545 3097 734 3170 lomilinrem
754 3097 892 3191 lmperio
907 3103 1022 3168 nostro
1039 3090 1257 3189 acolittum⁴)‚

76 3224 239 3295 dominnm
248 3224 430 3296 iohannem
441 3224 782 3318 Nomucopulum(?);
795 3231 828 3295 et
837 3225 918 3318 abijt
933 3227 960 3293 is
971 3224 1112 3294 cumeis.
1126 3223 1259 3295 Ettunc

76 3351 216 3445 [comi]
236 3375 297 3424 nec
315 3375 375 3446 per
392 3353 489 3424 istum
508 3353 567 3435 eis,
587 3375 650 3446 que
668 3353 727 3447 ipsi
746 3352 905 3448 [spotti]
929 3351 1098 3432 sedebant,
1117 3351 1257 3422 maiores

76 3477 210 3551 Venetie
224 3481 319 3550 linem
332 3481 487 3552 inducere
499 3487 689 3576 potuerunt,
703 3480 785 3550 elios
794 3479 924 3572 legatos
938 3479 978 3550 ad
994 3484 1139 3550 nostram
1155 3477 1260 3548 duxe-

1 3624 2 3631 ’
78 3613 151 3676 runt
164 3609 454 3694 mansuetudinem,
474 3609 606 3682 Petrum
625 3607 813 3679 llicbaelem
833 3607 981 3679 videlicet
997 3612 1030 3678 et
1044 3607 1258 3679 Octauianum

78 3733 260 3820 Quirinum,
288 3737 378 3807 uiros
402 3736 593 3830 prudentia,
620 3735 756 3807 consilio
782 3742 816 3805 et
839 3735 944 3806 uerbo
971 3732 1058 3828 apud
1082 3733 1260 3805 veneticos

79 3885 170 3956 quam
184 3885 334 3957 magnos,
354 3863 408 3956 qui
427 3886 500 3934 cum
519 3869 716 3958 panseuasto
730 3869 862 3934 seuasto
877 3869 910 3932 et
923 3863 1062 3955 lmperio
1077 3885 1149 3933 meo
1165 3863 1260 3932 lami-

78 3989 146 4059 liari
172 3991 367 4063 cancellario
400 3991 604 4064 vicedomino
636 3990 783 4061 Dimitrio
813 3981 997 4082 Trinilrio⁵)
1031 4011 1069 4058 ex
1099 3995 1259 4083 precepto

0 4195 1 4206 χ
79 4123 187 4188 nostre
207 4118 445 4213 magnificentie
464 4127 530 4192 tam
550 4119 590 4190 de
610 4120 679 4212 jam
697 4119 852 4212 peractis,
882 4139 976 4211 quam
998 4116 1093 4187 etiam
1113 4139 1151 4186 er
1168 4092 1261 4188 nouo

719 4325 747 4400 ι)
767 4326 956 4382 aeolutbum
989 4326 1055 4389 LP.,
1093 4325 1200 4380 rectius.
1226 4357 1262 4366 -

767 4417 940 4488 Nomucopoli
960 4434 1052 4470 nomen
1075 4416 1151 4471 aliter
1171 4417 1263 4471 scribit

153 4603 295 4673 corruptus.
707 4599 751 4674 ⁸⁵)
771 4599 913 4655 Trinlio
933 4600 999 4663 LA.;
1023 4598 1189 4653 Tninielio
1213 4599 1262 4654 tr.
