3120 5078
301 331 376 403 368
468 343 587 400 Pteron
599 347 739 402 Bncoornr
754 347 881 402 Fannon.
894 361 976 401 carr.
991 363 1048 401 cns
1062 345 1151 400 Hans.
1166 346 1307 400 Danaum.

387 517 437 588 Ad
456 518 517 588 hec
536 541 597 613 pro
613 512 761 612 nostra¹)
782 530 1033 612 vestrorumque
1052 519 1235 588 nuntiorum
1255 541 1353 610 supra
1374 516 1471 586 dieto·-

296 667 368 714 rum
395 645 562 718 uoluntate
590 653 745 718 statutum
774 655 841 731 est,
869 647 957 742 quod
984 647 1024 716 ab
1055 653 1191 740 utraque
1220 655 1313 741 parte
1338 646 1397 715 uiri
1421 669 1471 714 ser

298 773 374 866 eligi
394 773 532 858 debent,
559 782 612 858 ut,
642 776 669 845 si
688 776 776 846 forte
795 775 915 868 aliquid
935 774 1096 858 scandali,
1117 775 1204 867 quod
1224 775 1314 844 Deus
1339 777 1470 854 auertet,

297 901 380 970 inter
398 908 530 993 gentem
549 909 693 972 nostram
714 908 747 972 et
766 909 906 972 uestram
927 907 1075 972 exortum
1093 901 1207 983 fuerit,
1234 900 1322 993 quod
1341 923 1401 993 per
1419 921 1471 969 eos

296 1027 337 1098 ad
357 1028 566 1099 concordiam
587 1035 620 1100 et
638 1029 902 1100 reformationem
923 1028 1086 1122 pacificari
1106 1027 1239 1106 debeat3
1269 1035 1303 1097 et
1321 1026 1386 1097 hoe
1405 1027 1471 1120 qui-

296 1157 369 1226 dem
389 1152 489 1249 suo²)
511 1159 690 1228 iuramento
709 1159 795 1229 hona
814 1157 878 1228 fide
897 1156 1095 1228 tractabunt.

383 1285 432 1356 De
457 1286 633 1358 concordia
658 1291 765 1356 autem
793 1287 855 1357 ista
884 1285 1030 1356 similiter
1054 1285 1140 1355 facte
1160 1309 1177 1354 a
1198 1284 1327 1354 domino
1352 1275 1472 1376 Papa³)

294 1413 450 1507 scriptum
467 1415 591 1508 pariter
609 1414 677 1484 tieri
696 1414 835 1497 facietis,
856 1420 903 1495 ut,
923 1413 949 1483 si
965 1435 1027 1505 qua
1042 1413 1179 1506 partium
1193 1435 1212 1482 a
1227 1411 1473 1482 conseruatione

293 1541 453 1633 pactionis
467 1540 562 1611 haias
576 1541 772 1625 discederet,
793 1541 825 1612 id
840 1543 868 1612 ci
885 1541 1092 1634 grauaminis,
1109 1540 1196 1633 quod
1210 1545 1301 1610 recte
1315 1541 1474 1610 sustinere

294 1665 423 1750 debeat,
446 1668 639 1761 imponatur.

383 1792 425 1864 Vt
444 1801 550 1865 autem
575 1797 732 1890 seriptum
758 1795 821 1866 hoc
846 1793 948 1866 robur
967 1794 1114 1888 optineat
1136 1785 1349 1886 firmitatis⁴)‚
1374 1795 1475 1888 ipsum

292 1920 378 1991 bulla
396 1921 545 2014 plumbea
564 1923 692 2016 typario
712 1929 827 1993 nostro
848 1923 1004 2014 impressa
1025 1921 1175 1991 iussimus
1194 1923 1226 1990 in
1242 1920 1330 1992 calce
1352 1921 1475 1991 munim.
1556 1917 1558 1956 ³

380 2047 498 2120 netum
531 2057 582 2120 est
613 2042 798 2142 Vrrams³)‚
832 2049 864 2119 in
897 2049 980 2121 Riuo
1013 2047 1098 2129 atto,
1131 2048 1162 2117 in
1191 2049 1311 2141 palatio
1340 2047 1475 2142 predicti

291 2178 415 2247 domini
433 2171 586 2271 Ducis⁶).

380 2303 462 2374 Data
477 2328 536 2399 per
550 2327 663 2376 manus
676 2303 807 2374 Andree
822 2303 986 2384 Conrado,
1005 2301 1187 2396 presbyteri
1203 2309 1238 2373 et
1256 2307 1372 2372 nostre
1386 2303 1476 2373 curie

292 2427 528 2523 cancellarij'),
555 2455 638 2502 anno
662 2431 893 2502 incarnationis
917 2431 1035 2501 domini
1061 2430 1228 2500 millesimo
1250 2429 1474 2501 ducentesimo

288 2558 404 2649 primo,
424 2560 544 2628 mensis
564 2557 694 2651 Aprilis,
714 2557 889 2628 indictione
908 2565 1032 2650 quarta.

377 2683 451 2777 Ego
471 2678 673 2778 Vinianus⁸)‚
699 2685 843 2776 scriptor
860 2685 1007 2755 notarius
1026 2689 1060 2754 et
1079 2683 1173 2754 iudex
1191 2685 1311 2755 domini
1330 2685 1475 2766 Henriei,

288 2811 507 2882 Romanorum
535 2813 764 2907 Imperatoris,
793 2813 992 2884 autenticum
1019 2812 1112 2882 huius
1141 2811 1205 2882 uidi
1235 2819 1269 2882 et
1296 2811 1382 2906 legi,
1413 2835 1474 2882 nec

287 2937 395 3007 addidi
422 2961 483 3009 nec
507 2941 623 3026 minui,
644 2941 704 3010 nisi
730 2939 817 3032 quod
843 2941 876 3009 in
905 2963 945 3011 eo
971 2939 1096 3020 inueni;
1123 2931 1262 3032 idque⁹)
1282 2939 1424 3010 fideliter
1442 2940 1471 3008 in

214 3053 217 3064 ’
285 3065 367 3135 libro
405 3068 469 3137 isto
508 3069 704 3162 exemplam,
744 3074 778 3138 et
814 3069 945 3162 propria
982 3089 1075 3137 manu
1109 3089 1180 3137 mea
1212 3067 1338 3138 firmani
1372 3073 1471 3160 atque

287 3191 474 3287 subscripsi.

290 3380 611 3397 ——.-,—....

358 3510 446 3580 quod
466 3528 526 3582 pro
546 3514 665 3565 nostra
684 3509 736 3564 LA.
750 3528 824 3581 sequ.
839 3511 1110 3581 dipt—tioxcodd.
1124 3514 1393 3582 nostrorumque.

360 3607 394 3654 et
412 3601 471 3654 hoe
491 3601 578 3671 quod
597 3619 653 3654 suo
674 3602 724 3656 LA.
741 3620 817 3674 sequ.
831 3602 895 3674 dipl.

311 3508 320 3542 a

312 3597 324 3632 a

309 3691 320 3725 ⁸
357 3693 394 3745 De
409 3693 457 3746 hae
470 3693 548 3764 Papae
561 3693 701 3747 eoncordia
715 3692 750 3745 nit
764 3697 886 3746 constme
900 3693 1009 3747 ridetur.

307 3779 319 3816 s

307 3871 318 3906 s

323 3509 337 3580 J

326 3599 339 3671 )

323 3693 337 3763 )

322 3781 457 3853 >robur
477 3785 513 3836 et
532 3781 731 3837 firmitatem
747 3783 887 3854 anaequ.
902 3783 965 3854 dipt.

320 3871 335 3942 )
355 3874 468 3926 Actum
487 3879 545 3926 cst
563 3875 624 3927 hoc
643 3874 673 3928 V.
694 3875 745 3928 Le.
758 3891 833 3947 sequ.
848 3875 914 3946 dipl.

311 3961 323 3996 ⁶
360 3963 456 4017 ducis
474 3963 623 4034 predicti
642 3966 694 4019 LA.
709 3982 783 4037 sequ.
797 3965 861 4037 dipl.

307 4054 334 4125 7)
354 4052 421 4108 data
434 4071 613 4127 permanans
626 4057 752 4112 Porculis
765 4057 878 4118 Mauro.
891 4056 1056 4112 suddiaconi
1067 4060 1095 4111 et
1107 4059 1202 4112 nostre
1214 4054 1292 4111 carie
1302 4057 1472 4112 cancellarii

356 4145 409 4198 LA.
424 4161 498 4215 sequ.
512 4143 576 4217 dipt.

308 4233 336 4308 ⁸)
354 4237 422 4306 Ego
443 4235 614 4290 Conradus
638 4239 686 4291 LP.

306 4327 335 4398 ⁹)

354 4328 505 4398 ideoque
525 4329 576 4383 LA.
590 4345 665 4400 sequ.
680 4331 744 4403 dipl.
