<?xml version="1.0" encoding="UTF-8"?>
<!DOCTYPE html PUBLIC "-//W3C//DTD XHTML 1.0 Transitional//EN"
    "http://www.w3.org/TR/xhtml1/DTD/xhtml1-transitional.dtd">
<html xmlns="http://www.w3.org/1999/xhtml" xml:lang="en" lang="en">
 <head>
  <title>
</title>
<meta http-equiv="Content-Type" content="text/html;charset=utf-8" />
  <meta name='ocr-system' content='tesseract 3.04.00' />
  <meta name='ocr-capabilities' content='ocr_page ocr_carea ocr_par ocr_line ocrx_word'/>
</head>
<body>
  <div class='ocr_page' id='page_1' title='image "./fontesrerumaust07kommgoog_0174.png"; bbox 0 0 3130 5082; ppageno 0'>
   <div class='ocr_carea' id='block_1_1' title="bbox 267 389 1251 463">
    <p class='ocr_par' dir='ltr' id='par_1_1' title="bbox 267 389 1251 463">
     <span class='ocr_line' id='line_1_1' title="bbox 267 389 1251 463; baseline 0.002 -9"><span class='ocrx_word' id='word_1_1' title='bbox 267 399 387 455; x_wconf 71' lang='lat' dir='ltr'><em>lissam</em></span> <span class='ocrx_word' id='word_1_2' title='bbox 399 401 457 455; x_wconf 77' lang='lat' dir='ltr'><em>lun.</em></span> <span class='ocrx_word' id='word_1_3' title='bbox 471 417 576 456; x_wconf 81' lang='lat' dir='ltr'><em>soecos</em></span> <span class='ocrx_word' id='word_1_4' title='bbox 590 401 730 456; x_wconf 66' lang='lat' dir='ltr'><em>Venarum</em></span> <span class='ocrx_word' id='word_1_5' title='bbox 745 415 859 463; x_wconf 78' lang='lat' dir='ltr'><em>soum,</em></span> <span class='ocrx_word' id='word_1_6' title='bbox 873 417 929 455; x_wconf 82' lang='lat' dir='ltr'><em>uox</em></span> <span class='ocrx_word' id='word_1_7' title='bbox 943 417 1083 456; x_wconf 75' lang='lat' dir='ltr'><em>seuam.</em></span> <span class='ocrx_word' id='word_1_8' title='bbox 1183 389 1251 463; x_wconf 78' lang='grc'><em>151</em></span> 
     </span>
    </p>
   </div>
   <div class='ocr_carea' id='block_1_2' title="bbox 7 567 1260 1098">
    <p class='ocr_par' dir='ltr' id='par_1_2' title="bbox 7 551 1258 658">
     <span class='ocr_line' id='line_1_2' title="bbox 7 567 1258 658; baseline 0.004 -29"><span class='ocrx_word' id='word_1_9' title='bbox 7 647 9 658; x_wconf 70' lang='lat'><em>,</em></span> <span class='ocrx_word' id='word_1_10' title='bbox 73 567 303 654; x_wconf 79' lang='lat' dir='ltr'><em>precepisset,</em></span> <span class='ocrx_word' id='word_1_11' title='bbox 330 574 365 631; x_wconf 89' lang='lat' dir='ltr'><em>ut</em></span> <span class='ocrx_word' id='word_1_12' title='bbox 388 567 513 632; x_wconf 87' lang='lat' dir='ltr'><em>Venetos</em></span> <span class='ocrx_word' id='word_1_13' title='bbox 536 589 604 633; x_wconf 92' lang='lat' dir='ltr'><em>cum</em></span> <span class='ocrx_word' id='word_1_14' title='bbox 627 587 732 632; x_wconf 84' lang='lat' dir='ltr'><em>eorum</em></span> <span class='ocrx_word' id='word_1_15' title='bbox 757 567 845 632; x_wconf 92' lang='lat' dir='ltr'><em>bonis</em></span> <span class='ocrx_word' id='word_1_16' title='bbox 869 569 976 633; x_wconf 89' lang='lat' dir='ltr'><em>eudem</em></span> <span class='ocrx_word' id='word_1_17' title='bbox 1000 567 1053 632; x_wconf 89' lang='lat' dir='ltr'><em>die</em></span> <span class='ocrx_word' id='word_1_18' title='bbox 1072 569 1258 641; x_wconf 83' lang='lat' dir='ltr'><em>detinerent,</em></span> 
     </span>
    </p>

    <p class='ocr_par' dir='ltr' id='par_1_3' title="bbox 7 673 1260 1098">
     <span class='ocr_line' id='line_1_3' title="bbox 75 673 1259 764; baseline 0.003 -26"><span class='ocrx_word' id='word_1_19' title='bbox 75 681 219 739; x_wconf 84' lang='lat' dir='ltr'><em>attamen</em></span> <span class='ocrx_word' id='word_1_20' title='bbox 242 673 542 742; x_wconf 74' lang='lat' dir='ltr'><em>anathematizando</em></span> <span class='ocrx_word' id='word_1_21' title='bbox 566 677 628 747; x_wconf 88' lang='lat' dir='ltr'><em>uit,</em></span> <span class='ocrx_word' id='word_1_22' title='bbox 653 697 729 764; x_wconf 78' lang='lat' dir='ltr'><em>erpa</em></span> <span class='ocrx_word' id='word_1_23' title='bbox 751 699 803 740; x_wconf 88' lang='lat' dir='ltr'><em>sos</em></span> <span class='ocrx_word' id='word_1_24' title='bbox 818 677 866 741; x_wconf 89' lang='lat' dir='ltr'><em>nil</em></span> <span class='ocrx_word' id='word_1_25' title='bbox 886 677 964 742; x_wconf 89' lang='lat' dir='ltr'><em>moli</em></span> <span class='ocrx_word' id='word_1_26' title='bbox 978 677 1143 758; x_wconf 78' lang='lat' dir='ltr'><em>copitusse.</em></span> <span class='ocrx_word' id='word_1_27' title='bbox 1168 679 1259 743; x_wconf 81' lang='lat' dir='ltr'><em>Anno</em></span> 
     </span>
     <span class='ocr_line' id='line_1_4' title="bbox 73 771 1259 874; baseline 0.004 -26.736"><span class='ocrx_word' id='word_1_28' title='bbox 73 783 174 849; x_wconf 85' lang='lat' dir='ltr'><em>Ducis</em></span> <span class='ocrx_word' id='word_1_29' title='bbox 191 783 433 852; x_wconf 75' lang='lat' dir='ltr'><em>decimosexto.</em></span> <span class='ocrx_word' id='word_1_30' title='bbox 457 785 510 850; x_wconf 90' lang='lat' dir='ltr'><em>dic</em></span> <span class='ocrx_word' id='word_1_31' title='bbox 525 785 785 851; x_wconf 86' lang='lat' dir='ltr'><em>decimosecnnda</em></span> <span class='ocrx_word' id='word_1_32' title='bbox 801 771 921 863; x_wconf 68' lang='lat' dir='ltr'><em>Mirus,</em></span> <span class='ocrx_word' id='word_1_33' title='bbox 940 787 1045 852; x_wconf 85' lang='lat' dir='ltr'><em>Graci</em></span> <span class='ocrx_word' id='word_1_34' title='bbox 1066 795 1259 874; x_wconf 73' lang='lat' dir='ltr'><em>exequentes</em></span> 
     </span>
     <span class='ocr_line' id='line_1_5' title="bbox 7 893 1260 982; baseline 0.007 -28"><span class='ocrx_word' id='word_1_35' title='bbox 7 951 8 954; x_wconf 74' lang='grc'>,</span> <span class='ocrx_word' id='word_1_36' title='bbox 74 893 259 959; x_wconf 73' lang='lat' dir='ltr'><em>mandatnm</em></span> <span class='ocrx_word' id='word_1_37' title='bbox 279 893 404 958; x_wconf 84' lang='lat' dir='ltr'><em>Venetos</em></span> <span class='ocrx_word' id='word_1_38' title='bbox 419 895 571 968; x_wconf 85' lang='lat' dir='ltr'><em>detinent,</em></span> <span class='ocrx_word' id='word_1_39' title='bbox 588 901 619 960; x_wconf 92' lang='lat' dir='ltr'><em>et</em></span> <span class='ocrx_word' id='word_1_40' title='bbox 633 894 764 981; x_wconf 83' lang='lat' dir='ltr'><em>accipio</em></span> <span class='ocrx_word' id='word_1_41' title='bbox 780 901 812 960; x_wconf 89' lang='lat' dir='ltr'><em>et</em></span> <span class='ocrx_word' id='word_1_42' title='bbox 826 897 907 961; x_wconf 89' lang='lat' dir='ltr'><em>bonu</em></span> <span class='ocrx_word' id='word_1_43' title='bbox 923 917 1028 962; x_wconf 87' lang='lat' dir='ltr'><em>eorum</em></span> <span class='ocrx_word' id='word_1_44' title='bbox 1044 899 1203 982; x_wconf 74' lang='lat' dir='ltr'><em>auserunt.</em></span> <span class='ocrx_word' id='word_1_45' title='bbox 1227 905 1260 963; x_wconf 92' lang='lat' dir='ltr'><em>et</em></span> 
     </span>
     <span class='ocr_line' id='line_1_6' title="bbox 7 1002 1259 1098; baseline 0.003 -30"><span class='ocrx_word' id='word_1_46' title='bbox 7 1095 9 1098; x_wconf 15' lang='grc' dir='ltr'>Ι</span> <span class='ocrx_word' id='word_1_47' title='bbox 75 1002 271 1090; x_wconf 78' lang='lat' dir='ltr'><em>Imperatori</em></span> <span class='ocrx_word' id='word_1_48' title='bbox 284 1003 417 1070; x_wconf 84' lang='lat' dir='ltr'><em>mittunt.</em></span> <span class='ocrx_word' id='word_1_49' title='bbox 445 1007 578 1094; x_wconf 77' lang='lat' dir='ltr'><em>Osonque</em></span> <span class='ocrx_word' id='word_1_50' title='bbox 594 1003 654 1069; x_wconf 89' lang='lat' dir='ltr'><em>boc</em></span> <span class='ocrx_word' id='word_1_51' title='bbox 668 1003 754 1068; x_wconf 81' lang='lat' dir='ltr'><em>Ituci</em></span> <span class='ocrx_word' id='word_1_52' title='bbox 768 1011 799 1068; x_wconf 92' lang='lat' dir='ltr'><em>et</em></span> <span class='ocrx_word' id='word_1_53' title='bbox 814 1003 932 1070; x_wconf 83' lang='lat' dir='ltr'><em>Venetis</em></span> <span class='ocrx_word' id='word_1_54' title='bbox 948 1005 1147 1083; x_wconf 73' lang='lat' dir='ltr'><em>inclarescit,</em></span> <span class='ocrx_word' id='word_1_55' title='bbox 1163 1007 1259 1072; x_wconf 87' lang='lat' dir='ltr'><em>timor</em></span> 
     </span>
    </p>
   </div>
   <div class='ocr_carea' id='block_1_3' title="bbox 7 1111 1351 4690">
    <p class='ocr_par' dir='ltr' id='par_1_4' title="bbox 7 1111 1351 4690">
     <span class='ocr_line' id='line_1_7' title="bbox 76 1111 1261 1204; baseline 0.006 -29"><span class='ocrx_word' id='word_1_56' title='bbox 76 1112 220 1176; x_wconf 77' lang='lat' dir='ltr'><em>inminet</em></span> <span class='ocrx_word' id='word_1_57' title='bbox 233 1112 410 1193; x_wconf 84' lang='lat' dir='ltr'><em>uniuersis,·</em></span> <span class='ocrx_word' id='word_1_58' title='bbox 432 1121 463 1180; x_wconf 86' lang='lat' dir='ltr'><em>et</em></span> <span class='ocrx_word' id='word_1_59' title='bbox 477 1113 675 1202; x_wconf 87' lang='lat' dir='ltr'><em>Supientimn</em></span> <span class='ocrx_word' id='word_1_60' title='bbox 691 1111 821 1178; x_wconf 88' lang='lat' dir='ltr'><em>consitio</em></span> <span class='ocrx_word' id='word_1_61' title='bbox 835 1113 994 1178; x_wconf 89' lang='lat' dir='ltr'><em>decretum</em></span> <span class='ocrx_word' id='word_1_62' title='bbox 1006 1115 1086 1200; x_wconf 82' lang='lat' dir='ltr'><em>fuit,</em></span> <span class='ocrx_word' id='word_1_63' title='bbox 1108 1123 1144 1181; x_wconf 89' lang='lat' dir='ltr'><em>ut</em></span> <span class='ocrx_word' id='word_1_64' title='bbox 1160 1117 1261 1204; x_wconf 79' lang='lat' dir='ltr'><em>lopati</em></span> 
     </span>
     <span class='ocr_line' id='line_1_8' title="bbox 7 1221 1261 1311; baseline 0.005 -26"><span class='ocrx_word' id='word_1_65' title='bbox 7 1233 8 1242; x_wconf 76' lang='grc'>’</span> <span class='ocrx_word' id='word_1_66' title='bbox 75 1223 244 1287; x_wconf 85' lang='lat' dir='ltr'><em>mittantur</em></span> <span class='ocrx_word' id='word_1_67' title='bbox 266 1221 468 1304; x_wconf 81' lang='lat' dir='ltr'><em>imperatori,</em></span> <span class='ocrx_word' id='word_1_68' title='bbox 493 1225 548 1311; x_wconf 83' lang='lat' dir='ltr'><em>qui</em></span> <span class='ocrx_word' id='word_1_69' title='bbox 568 1223 723 1310; x_wconf 83' lang='lat' dir='ltr'><em>captionis</em></span> <span class='ocrx_word' id='word_1_70' title='bbox 746 1243 872 1286; x_wconf 87' lang='lat' dir='ltr'><em>causam</em></span> <span class='ocrx_word' id='word_1_71' title='bbox 895 1225 1069 1310; x_wconf 73' lang='lat' dir='ltr'><em>exquirant</em></span> <span class='ocrx_word' id='word_1_72' title='bbox 1085 1233 1116 1290; x_wconf 88' lang='lat' dir='ltr'><em>et</em></span> <span class='ocrx_word' id='word_1_73' title='bbox 1132 1226 1261 1292; x_wconf 88' lang='lat' dir='ltr'><em>restitu-</em></span> 
     </span>
     <span class='ocr_line' id='line_1_9' title="bbox 7 1311 1262 1422; baseline 0.004 -28"><span class='ocrx_word' id='word_1_74' title='bbox 7 1311 9 1326; x_wconf 61' lang='lat'>&#39;</span> <span class='ocrx_word' id='word_1_75' title='bbox 75 1331 191 1395; x_wconf 85' lang='lat' dir='ltr'><em>tionem</em></span> <span class='ocrx_word' id='word_1_76' title='bbox 208 1339 395 1418; x_wconf 75' lang='lat' dir='ltr'><em>promerent.</em></span> <span class='ocrx_word' id='word_1_77' title='bbox 420 1331 653 1421; x_wconf 64' lang='lat' dir='ltr'><em>Superveniunt</em></span> <span class='ocrx_word' id='word_1_78' title='bbox 675 1331 761 1397; x_wconf 89' lang='lat' dir='ltr'><em>illico</em></span> <span class='ocrx_word' id='word_1_79' title='bbox 783 1331 842 1397; x_wconf 84' lang='lat' dir='ltr'><em>XX</em></span> <span class='ocrx_word' id='word_1_80' title='bbox 860 1355 957 1398; x_wconf 85' lang='lat' dir='ltr'><em>noces</em></span> <span class='ocrx_word' id='word_1_81' title='bbox 984 1333 1178 1408; x_wconf 82' lang='lat' dir='ltr'><em>Venetorum,</em></span> <span class='ocrx_word' id='word_1_82' title='bbox 1206 1335 1262 1422; x_wconf 77' lang='lat' dir='ltr'><em>qui</em></span> 
     </span>
     <span class='ocr_line' id='line_1_10' title="bbox 7 1440 1261 1530; baseline 0.004 -27"><span class='ocrx_word' id='word_1_83' title='bbox 7 1471 8 1474; x_wconf 37' lang='lat'>¹</span> <span class='ocrx_word' id='word_1_84' title='bbox 75 1441 210 1526; x_wconf 77' lang='lat' dir='ltr'><em>precisi</em></span> <span class='ocrx_word' id='word_1_85' title='bbox 223 1441 258 1505; x_wconf 91' lang='lat' dir='ltr'><em>in</em></span> <span class='ocrx_word' id='word_1_86' title='bbox 272 1441 430 1506; x_wconf 85' lang='lat' dir='ltr'><em>Larimiro</em></span> <span class='ocrx_word' id='word_1_87' title='bbox 456 1440 492 1529; x_wconf 91' lang='grc' dir='ltr'><em>(Ι.</em></span> <span class='ocrx_word' id='word_1_88' title='bbox 509 1441 656 1514; x_wconf 82' lang='lat' dir='ltr'><em>Larmiro,</em></span> <span class='ocrx_word' id='word_1_89' title='bbox 680 1441 700 1504; x_wconf 86' lang='lat' dir='ltr'><em>i.</em></span> <span class='ocrx_word' id='word_1_90' title='bbox 718 1461 743 1503; x_wconf 86' lang='lat' dir='ltr'><em>e.</em></span> <span class='ocrx_word' id='word_1_91' title='bbox 763 1442 885 1524; x_wconf 76' lang='lat' dir='ltr'><em>Armyro</em></span> <span class='ocrx_word' id='word_1_92' title='bbox 901 1440 1088 1528; x_wconf 76' lang='lat' dir='ltr'><em>Thessaliae)</em></span> <span class='ocrx_word' id='word_1_93' title='bbox 1105 1443 1261 1530; x_wconf 83' lang='lat' dir='ltr'><em>irruptio·</em></span> 
     </span>
     <span class='ocr_line' id='line_1_11' title="bbox 77 1549 1351 1640; baseline 0.003 -27"><span class='ocrx_word' id='word_1_94' title='bbox 77 1569 147 1613; x_wconf 88' lang='lat' dir='ltr'><em>nem</em></span> <span class='ocrx_word' id='word_1_95' title='bbox 163 1549 288 1618; x_wconf 62' lang='lat' dir='ltr'><em>matam</em></span> <span class='ocrx_word' id='word_1_96' title='bbox 304 1557 482 1627; x_wconf 73' lang='lat' dir='ltr'><em>comerent,</em></span> <span class='ocrx_word' id='word_1_97' title='bbox 507 1557 548 1623; x_wconf 88' lang='lat' dir='ltr'><em>ct,</em></span> <span class='ocrx_word' id='word_1_98' title='bbox 570 1551 654 1639; x_wconf 81' lang='lat' dir='ltr'><em>quod</em></span> <span class='ocrx_word' id='word_1_99' title='bbox 671 1557 792 1640; x_wconf 76' lang='lat' dir='ltr'><em>postam</em></span> <span class='ocrx_word' id='word_1_100' title='bbox 810 1553 928 1634; x_wconf 75' lang='lat' dir='ltr'><em>ficerat,</em></span> <span class='ocrx_word' id='word_1_101' title='bbox 950 1552 1100 1616; x_wconf 88' lang='lat' dir='ltr'><em>seriosius</em></span> <span class='ocrx_word' id='word_1_102' title='bbox 1115 1561 1261 1617; x_wconf 79' lang='lat' dir='ltr'><em>nument.</em></span> <span class='ocrx_word' id='word_1_103' title='bbox 1350 1605 1351 1610; x_wconf 30' lang='lat'>1</span> 
     </span>
     <span class='ocr_line' id='line_1_12' title="bbox 79 1657 1260 1749; baseline 0.002 -25"><span class='ocrx_word' id='word_1_104' title='bbox 79 1657 168 1724; x_wconf 83' lang='lat' dir='ltr'><em>Tunc</em></span> <span class='ocrx_word' id='word_1_105' title='bbox 186 1657 300 1732; x_wconf 84' lang='lat' dir='ltr'><em>Veneti,</em></span> <span class='ocrx_word' id='word_1_106' title='bbox 316 1681 441 1725; x_wconf 87' lang='lat' dir='ltr'><em>suorum</em></span> <span class='ocrx_word' id='word_1_107' title='bbox 458 1659 573 1725; x_wconf 87' lang='lat' dir='ltr'><em>damna</em></span> <span class='ocrx_word' id='word_1_108' title='bbox 587 1665 768 1746; x_wconf 85' lang='lat' dir='ltr'><em>pensantes.</em></span> <span class='ocrx_word' id='word_1_109' title='bbox 784 1659 847 1723; x_wconf 91' lang='lat' dir='ltr'><em>oim</em></span> <span class='ocrx_word' id='word_1_110' title='bbox 861 1661 895 1723; x_wconf 87' lang='lat' dir='ltr'><em>oi</em></span> <span class='ocrx_word' id='word_1_111' title='bbox 908 1661 1064 1745; x_wconf 88' lang='lat' dir='ltr'><em>repellere</em></span> <span class='ocrx_word' id='word_1_112' title='bbox 1076 1681 1260 1749; x_wconf 88' lang='lat' dir='ltr'><em>proponen-</em></span> 
     </span>
     <span class='ocr_line' id='line_1_13' title="bbox 7 1747 1260 1856; baseline 0.006 -28"><span class='ocrx_word' id='word_1_113' title='bbox 7 1747 8 1828; x_wconf 63' lang='grc' dir='ltr'>ἶ</span> <span class='ocrx_word' id='word_1_114' title='bbox 76 1773 141 1842; x_wconf 85' lang='lat' dir='ltr'><em>tes,</em></span> <span class='ocrx_word' id='word_1_115' title='bbox 167 1767 253 1854; x_wconf 74' lang='lat' dir='ltr'><em>quood</em></span> <span class='ocrx_word' id='word_1_116' title='bbox 270 1775 422 1833; x_wconf 87' lang='lat' dir='ltr'><em>statutum</em></span> <span class='ocrx_word' id='word_1_117' title='bbox 439 1771 559 1854; x_wconf 81' lang='lat' dir='ltr'><em>fuerat,</em></span> <span class='ocrx_word' id='word_1_118' title='bbox 579 1768 709 1855; x_wconf 81' lang='lat' dir='ltr'><em>pariter</em></span> <span class='ocrx_word' id='word_1_119' title='bbox 724 1768 902 1832; x_wconf 78' lang='lat' dir='ltr'><em>iniierunt.</em></span> <span class='ocrx_word' id='word_1_120' title='bbox 928 1770 970 1832; x_wconf 79' lang='lat' dir='ltr'><em>st</em></span> <span class='ocrx_word' id='word_1_121' title='bbox 980 1777 1093 1856; x_wconf 87' lang='lat' dir='ltr'><em>postca</em></span> <span class='ocrx_word' id='word_1_122' title='bbox 1108 1777 1260 1847; x_wconf 70' lang='lat' dir='ltr'><em>statuunt,</em></span> 
     </span>
     <span class='ocr_line' id='line_1_14' title="bbox 77 1876 1261 1966; baseline 0.002 -25.833"><span class='ocrx_word' id='word_1_123' title='bbox 77 1882 112 1940; x_wconf 90' lang='lat' dir='ltr'><em>ut</em></span> <span class='ocrx_word' id='word_1_124' title='bbox 127 1883 253 1941; x_wconf 84' lang='lat' dir='ltr'><em>centum</em></span> <span class='ocrx_word' id='word_1_125' title='bbox 271 1879 373 1965; x_wconf 80' lang='lat' dir='ltr'><em>palea</em></span> <span class='ocrx_word' id='word_1_126' title='bbox 388 1885 420 1942; x_wconf 90' lang='lat' dir='ltr'><em>et</em></span> <span class='ocrx_word' id='word_1_127' title='bbox 434 1877 549 1966; x_wconf 82' lang='lat' dir='ltr'><em>vipinti</em></span> <span class='ocrx_word' id='word_1_128' title='bbox 562 1897 673 1947; x_wconf 86' lang='lat' dir='ltr'><em>naves.</em></span> <span class='ocrx_word' id='word_1_129' title='bbox 697 1897 765 1964; x_wconf 80' lang='lat' dir='ltr'><em>quoe</em></span> <span class='ocrx_word' id='word_1_130' title='bbox 789 1878 947 1942; x_wconf 74' lang='lat' dir='ltr'><em>enercitni</em></span> <span class='ocrx_word' id='word_1_131' title='bbox 966 1879 1147 1944; x_wconf 87' lang='lat' dir='ltr'><em>necessario</em></span> <span class='ocrx_word' id='word_1_132' title='bbox 1168 1876 1261 1944; x_wconf 73' lang='lat' dir='ltr'><em>blese-</em></span> 
     </span>
     <span class='ocr_line' id='line_1_15' title="bbox 77 1985 1261 2076; baseline 0.004 -27"><span class='ocrx_word' id='word_1_133' title='bbox 77 1985 166 2062; x_wconf 78' lang='lat' dir='ltr'><em>lcant,</em></span> <span class='ocrx_word' id='word_1_134' title='bbox 182 1987 334 2051; x_wconf 84' lang='lat' dir='ltr'><em>uelociter</em></span> <span class='ocrx_word' id='word_1_135' title='bbox 345 1987 544 2070; x_wconf 78' lang='lat' dir='ltr'><em>fabricentur</em></span> <span class='ocrx_word' id='word_1_136' title='bbox 560 1995 592 2050; x_wconf 89' lang='lat' dir='ltr'><em>et</em></span> <span class='ocrx_word' id='word_1_137' title='bbox 607 1986 747 2052; x_wconf 90' lang='lat' dir='ltr'><em>omnibus</em></span> <span class='ocrx_word' id='word_1_138' title='bbox 759 1988 949 2075; x_wconf 86' lang='lat' dir='ltr'><em>opportunis</em></span> <span class='ocrx_word' id='word_1_139' title='bbox 965 1987 1075 2052; x_wconf 85' lang='lat' dir='ltr'><em>bellico</em></span> <span class='ocrx_word' id='word_1_140' title='bbox 1093 1989 1186 2076; x_wconf 87' lang='lat' dir='ltr'><em>operi</em></span> <span class='ocrx_word' id='word_1_141' title='bbox 1196 1990 1261 2073; x_wconf 73' lang='lat' dir='ltr'><em>sul·</em></span> 
     </span>
     <span class='ocr_line' id='line_1_16' title="bbox 7 2095 1263 2184; baseline 0.001 -24"><span class='ocrx_word' id='word_1_142' title='bbox 7 2101 8 2106; x_wconf 75' lang='grc'>’</span> <span class='ocrx_word' id='word_1_143' title='bbox 77 2095 216 2168; x_wconf 63' lang='lat' dir='ltr'><em>dautur,</em></span> <span class='ocrx_word' id='word_1_144' title='bbox 239 2115 309 2160; x_wconf 72' lang='lat' dir='ltr'><em>cnon</em></span> <span class='ocrx_word' id='word_1_145' title='bbox 331 2095 442 2182; x_wconf 78' lang='lat' dir='ltr'><em>quibus</em></span> <span class='ocrx_word' id='word_1_146' title='bbox 457 2095 503 2160; x_wconf 92' lang='lat' dir='ltr'><em>ad</em></span> <span class='ocrx_word' id='word_1_147' title='bbox 515 2095 687 2161; x_wconf 83' lang='lat' dir='ltr'><em>uindictam</em></span> <span class='ocrx_word' id='word_1_148' title='bbox 707 2101 805 2160; x_wconf 80' lang='lat' dir='ltr'><em>tantm</em></span> <span class='ocrx_word' id='word_1_149' title='bbox 820 2097 944 2183; x_wconf 75' lang='lat' dir='ltr'><em>offensos</em></span> <span class='ocrx_word' id='word_1_150' title='bbox 958 2095 1037 2160; x_wconf 79' lang='lat' dir='ltr'><em>Dua·</em></span> <span class='ocrx_word' id='word_1_151' title='bbox 1049 2097 1263 2184; x_wconf 85' lang='lat' dir='ltr'><em>personaliter</em></span> 
     </span>
     <span class='ocr_line' id='line_1_17' title="bbox 7 2193 1263 2293; baseline 0 -24"><span class='ocrx_word' id='word_1_152' title='bbox 7 2193 9 2204; x_wconf 78' lang='lat'>&#39;</span> <span class='ocrx_word' id='word_1_153' title='bbox 76 2203 232 2269; x_wconf 78' lang='lat' dir='ltr'><em>accedere</em></span> <span class='ocrx_word' id='word_1_154' title='bbox 252 2205 373 2277; x_wconf 88' lang='lat' dir='ltr'><em>debeat,</em></span> <span class='ocrx_word' id='word_1_155' title='bbox 395 2211 427 2270; x_wconf 87' lang='lat' dir='ltr'><em>et</em></span> <span class='ocrx_word' id='word_1_156' title='bbox 442 2207 526 2293; x_wconf 81' lang='lat' dir='ltr'><em>quod</em></span> <span class='ocrx_word' id='word_1_157' title='bbox 548 2205 731 2270; x_wconf 70' lang='lat' dir='ltr'><em>leonardus</em></span> <span class='ocrx_word' id='word_1_158' title='bbox 747 2205 888 2271; x_wconf 84' lang='lat' dir='ltr'><em>dlicbael</em></span> <span class='ocrx_word' id='word_1_159' title='bbox 901 2205 971 2290; x_wconf 89' lang='lat' dir='ltr'><em>ejus</em></span> <span class='ocrx_word' id='word_1_160' title='bbox 986 2211 1079 2270; x_wconf 85' lang='lat' dir='ltr'><em>natus</em></span> <span class='ocrx_word' id='word_1_161' title='bbox 1094 2205 1178 2270; x_wconf 89' lang='lat' dir='ltr'><em>oices</em></span> <span class='ocrx_word' id='word_1_162' title='bbox 1194 2207 1263 2290; x_wconf 86' lang='lat' dir='ltr'><em>ejus</em></span> 
     </span>
     <span class='ocr_line' id='line_1_18' title="bbox 7 2305 1262 2400; baseline 0.002 -24"><span class='ocrx_word' id='word_1_163' title='bbox 7 2305 9 2384; x_wconf 60' lang='grc' dir='ltr'>ὲ</span> <span class='ocrx_word' id='word_1_164' title='bbox 76 2315 111 2376; x_wconf 86' lang='lat' dir='ltr'><em>in</em></span> <span class='ocrx_word' id='word_1_165' title='bbox 130 2313 264 2379; x_wconf 86' lang='lat' dir='ltr'><em>Venetiis</em></span> <span class='ocrx_word' id='word_1_166' title='bbox 278 2321 395 2380; x_wconf 87' lang='lat' dir='ltr'><em>teneat.</em></span> <span class='ocrx_word' id='word_1_167' title='bbox 419 2315 485 2379; x_wconf 90' lang='lat' dir='ltr'><em>Sed</em></span> <span class='ocrx_word' id='word_1_168' title='bbox 498 2321 543 2391; x_wconf 90' lang='lat' dir='ltr'><em>ut,</em></span> <span class='ocrx_word' id='word_1_169' title='bbox 566 2315 649 2400; x_wconf 84' lang='lat' dir='ltr'><em>quod</em></span> <span class='ocrx_word' id='word_1_170' title='bbox 661 2312 816 2378; x_wconf 74' lang='lat' dir='ltr'><em>soncinsm</em></span> <span class='ocrx_word' id='word_1_171' title='bbox 832 2321 912 2391; x_wconf 88' lang='lat' dir='ltr'><em>erat,</em></span> <span class='ocrx_word' id='word_1_172' title='bbox 935 2313 1074 2378; x_wconf 82' lang='lat' dir='ltr'><em>uiriliter</em></span> <span class='ocrx_word' id='word_1_173' title='bbox 1089 2335 1262 2400; x_wconf 70' lang='lat' dir='ltr'><em>exequere-</em></span> 
     </span>
     <span class='ocr_line' id='line_1_19' title="bbox 76 2422 1263 2510; baseline 0.001 -24"><span class='ocrx_word' id='word_1_174' title='bbox 76 2429 140 2498; x_wconf 86' lang='lat' dir='ltr'><em>tur,</em></span> <span class='ocrx_word' id='word_1_175' title='bbox 162 2422 243 2486; x_wconf 72' lang='lat' dir='ltr'><em>oue</em></span> <span class='ocrx_word' id='word_1_176' title='bbox 264 2423 408 2488; x_wconf 87' lang='lat' dir='ltr'><em>absentes</em></span> <span class='ocrx_word' id='word_1_177' title='bbox 429 2423 511 2488; x_wconf 87' lang='lat' dir='ltr'><em>ciues</em></span> <span class='ocrx_word' id='word_1_178' title='bbox 529 2445 592 2510; x_wconf 88' lang='lat' dir='ltr'><em>per</em></span> <span class='ocrx_word' id='word_1_179' title='bbox 607 2423 743 2488; x_wconf 87' lang='lat' dir='ltr'><em>edictum</em></span> <span class='ocrx_word' id='word_1_180' title='bbox 764 2424 936 2499; x_wconf 83' lang='lat' dir='ltr'><em>admonuit,</em></span> <span class='ocrx_word' id='word_1_181' title='bbox 959 2429 995 2487; x_wconf 91' lang='lat' dir='ltr'><em>ut</em></span> <span class='ocrx_word' id='word_1_182' title='bbox 1016 2429 1090 2486; x_wconf 89' lang='lat' dir='ltr'><em>ante</em></span> <span class='ocrx_word' id='word_1_183' title='bbox 1110 2423 1263 2487; x_wconf 78' lang='lat' dir='ltr'><em>bolmcdas</em></span> 
     </span>
     <span class='ocr_line' id='line_1_20' title="bbox 7 2531 1260 2620; baseline -0.003 -20"><span class='ocrx_word' id='word_1_184' title='bbox 7 2591 8 2600; x_wconf 73' lang='grc'>,</span> <span class='ocrx_word' id='word_1_185' title='bbox 75 2531 194 2596; x_wconf 85' lang='lat' dir='ltr'><em>mensis</em></span> <span class='ocrx_word' id='word_1_186' title='bbox 209 2531 408 2618; x_wconf 84' lang='lat' dir='ltr'><em>Septembris</em></span> <span class='ocrx_word' id='word_1_187' title='bbox 422 2531 553 2596; x_wconf 86' lang='lat' dir='ltr'><em>Venetiis</em></span> <span class='ocrx_word' id='word_1_188' title='bbox 569 2531 721 2596; x_wconf 74' lang='lat' dir='ltr'><em>imeresse</em></span> <span class='ocrx_word' id='word_1_189' title='bbox 743 2533 913 2613; x_wconf 84' lang='lat' dir='ltr'><em>deberent,·</em></span> <span class='ocrx_word' id='word_1_190' title='bbox 934 2532 1118 2620; x_wconf 76' lang='lat' dir='ltr'><em>lstsicispue</em></span> <span class='ocrx_word' id='word_1_191' title='bbox 1133 2539 1165 2596; x_wconf 88' lang='lat' dir='ltr'><em>et</em></span> <span class='ocrx_word' id='word_1_192' title='bbox 1179 2532 1260 2596; x_wconf 89' lang='lat' dir='ltr'><em>Ilot-</em></span> 
     </span>
     <span class='ocr_line' id='line_1_21' title="bbox 7 2629 1262 2729; baseline 0.002 -27"><span class='ocrx_word' id='word_1_193' title='bbox 7 2629 9 2702; x_wconf 63' lang='lat' dir='ltr'><em>i</em></span> <span class='ocrx_word' id='word_1_194' title='bbox 75 2639 207 2704; x_wconf 85' lang='lat' dir='ltr'><em>malinis</em></span> <span class='ocrx_word' id='word_1_195' title='bbox 226 2641 357 2726; x_wconf 88' lang='lat' dir='ltr'><em>populis</em></span> <span class='ocrx_word' id='word_1_196' title='bbox 376 2647 572 2728; x_wconf 81' lang='lat' dir='ltr'><em>preceptum</em></span> <span class='ocrx_word' id='word_1_197' title='bbox 587 2641 683 2714; x_wconf 83' lang='lat' dir='ltr'><em>dedit,</em></span> <span class='ocrx_word' id='word_1_198' title='bbox 700 2649 736 2706; x_wconf 88' lang='lat' dir='ltr'><em>ut</em></span> <span class='ocrx_word' id='word_1_199' title='bbox 743 2642 848 2726; x_wconf 79' lang='lat' dir='ltr'><em>jueta</em></span> <span class='ocrx_word' id='word_1_200' title='bbox 860 2661 956 2729; x_wconf 91' lang='lat' dir='ltr'><em>posse</em></span> <span class='ocrx_word' id='word_1_201' title='bbox 973 2641 1018 2705; x_wconf 87' lang='lat' dir='ltr'><em>cis</em></span> <span class='ocrx_word' id='word_1_202' title='bbox 1034 2661 1211 2707; x_wconf 89' lang='lat' dir='ltr'><em>concessum</em></span> <span class='ocrx_word' id='word_1_203' title='bbox 1227 2663 1262 2706; x_wconf 93' lang='lat' dir='ltr'><em>se</em></span> 
     </span>
     <span class='ocr_line' id='line_1_22' title="bbox 75 2749 1262 2838; baseline 0 -24"><span class='ocrx_word' id='word_1_204' title='bbox 75 2749 191 2814; x_wconf 83' lang='lat' dir='ltr'><em>taliter</em></span> <span class='ocrx_word' id='word_1_205' title='bbox 213 2755 452 2836; x_wconf 75' lang='lat' dir='ltr'><em>praepararent,</em></span> <span class='ocrx_word' id='word_1_206' title='bbox 478 2749 563 2836; x_wconf 84' lang='lat' dir='ltr'><em>quod</em></span> <span class='ocrx_word' id='word_1_207' title='bbox 582 2751 659 2816; x_wconf 88' lang='lat' dir='ltr'><em>illuc</em></span> <span class='ocrx_word' id='word_1_208' title='bbox 680 2751 865 2838; x_wconf 83' lang='lat' dir='ltr'><em>applicante</em></span> <span class='ocrx_word' id='word_1_209' title='bbox 887 2751 966 2816; x_wconf 89' lang='lat' dir='ltr'><em>stolo</em></span> <span class='ocrx_word' id='word_1_210' title='bbox 984 2771 1053 2815; x_wconf 90' lang='lat' dir='ltr'><em>cum</em></span> <span class='ocrx_word' id='word_1_211' title='bbox 1070 2771 1106 2814; x_wconf 89' lang='lat' dir='ltr'><em>eo</em></span> <span class='ocrx_word' id='word_1_212' title='bbox 1126 2769 1262 2838; x_wconf 82' lang='lat' dir='ltr'><em>perpere</em></span> 
     </span>
     <span class='ocr_line' id='line_1_23' title="bbox 76 2859 1262 2948; baseline 0.002 -26"><span class='ocrx_word' id='word_1_213' title='bbox 76 2859 298 2923; x_wconf 70' lang='lat' dir='ltr'><em>invenirentur</em></span> <span class='ocrx_word' id='word_1_214' title='bbox 313 2859 430 2944; x_wconf 77' lang='lat' dir='ltr'><em>fulciti.</em></span> <span class='ocrx_word' id='word_1_215' title='bbox 455 2859 636 2924; x_wconf 74' lang='lat' dir='ltr'><em>Fabricutis</em></span> <span class='ocrx_word' id='word_1_216' title='bbox 656 2861 754 2947; x_wconf 80' lang='lat' dir='ltr'><em>ipitur</em></span> <span class='ocrx_word' id='word_1_217' title='bbox 769 2869 800 2923; x_wconf 89' lang='lat' dir='ltr'><em>et</em></span> <span class='ocrx_word' id='word_1_218' title='bbox 820 2861 948 2948; x_wconf 88' lang='lat' dir='ltr'><em>paratis</em></span> <span class='ocrx_word' id='word_1_219' title='bbox 964 2861 999 2925; x_wconf 89' lang='lat' dir='ltr'><em>in</em></span> <span class='ocrx_word' id='word_1_220' title='bbox 1014 2865 1137 2924; x_wconf 85' lang='lat' dir='ltr'><em>centum</em></span> <span class='ocrx_word' id='word_1_221' title='bbox 1153 2859 1262 2924; x_wconf 91' lang='lat' dir='ltr'><em>diebus</em></span> 
     </span>
     <span class='ocr_line' id='line_1_24' title="bbox 78 2967 1262 3057; baseline -0.001 -24"><span class='ocrx_word' id='word_1_222' title='bbox 78 2975 203 3033; x_wconf 81' lang='lat' dir='ltr'><em>centum</em></span> <span class='ocrx_word' id='word_1_223' title='bbox 216 2967 318 3055; x_wconf 80' lang='lat' dir='ltr'><em>paleis</em></span> <span class='ocrx_word' id='word_1_224' title='bbox 334 2977 367 3034; x_wconf 88' lang='lat' dir='ltr'><em>et</em></span> <span class='ocrx_word' id='word_1_225' title='bbox 382 2967 497 3057; x_wconf 80' lang='lat' dir='ltr'><em>vipiuti</em></span> <span class='ocrx_word' id='word_1_226' title='bbox 511 2969 651 3040; x_wconf 79' lang='lat' dir='ltr'><em>novibus,</em></span> <span class='ocrx_word' id='word_1_227' title='bbox 668 2969 747 3033; x_wconf 79' lang='lat' dir='ltr'><em>Due</em></span> <span class='ocrx_word' id='word_1_228' title='bbox 758 2969 798 3032; x_wconf 91' lang='lat' dir='ltr'><em>de</em></span> <span class='ocrx_word' id='word_1_229' title='bbox 812 2989 917 3034; x_wconf 90' lang='lat' dir='ltr'><em>meuse</em></span> <span class='ocrx_word' id='word_1_230' title='bbox 928 2969 1122 3057; x_wconf 72' lang='lat' dir='ltr'><em>Septembris</em></span> <span class='ocrx_word' id='word_1_231' title='bbox 1136 2989 1205 3034; x_wconf 90' lang='lat' dir='ltr'><em>cum</em></span> <span class='ocrx_word' id='word_1_232' title='bbox 1220 2969 1262 3032; x_wconf 89' lang='lat' dir='ltr'><em>iis</em></span> 
     </span>
     <span class='ocr_line' id='line_1_25' title="bbox 78 3077 1263 3166; baseline 0.001 -25"><span class='ocrx_word' id='word_1_233' title='bbox 78 3077 245 3165; x_wconf 73' lang='lat' dir='ltr'><em>epredim</em></span> <span class='ocrx_word' id='word_1_234' title='bbox 258 3079 365 3143; x_wconf 87' lang='lat' dir='ltr'><em>decem</em></span> <span class='ocrx_word' id='word_1_235' title='bbox 377 3081 489 3166; x_wconf 79' lang='lat' dir='ltr'><em>paleas</em></span> <span class='ocrx_word' id='word_1_236' title='bbox 504 3078 701 3142; x_wconf 77' lang='lat' dir='ltr'><em>istriensium</em></span> <span class='ocrx_word' id='word_1_237' title='bbox 717 3085 748 3142; x_wconf 87' lang='lat' dir='ltr'><em>et</em></span> <span class='ocrx_word' id='word_1_238' title='bbox 769 3079 1021 3143; x_wconf 84' lang='lat' dir='ltr'><em>Dutmotinorum</em></span> <span class='ocrx_word' id='word_1_239' title='bbox 1037 3079 1214 3165; x_wconf 87' lang='lat' dir='ltr'><em>assumpsit,</em></span> <span class='ocrx_word' id='word_1_240' title='bbox 1231 3085 1263 3142; x_wconf 92' lang='lat' dir='ltr'><em>et</em></span> 
     </span>
     <span class='ocr_line' id='line_1_26' title="bbox 78 3187 1260 3276; baseline 0 -25"><span class='ocrx_word' id='word_1_241' title='bbox 78 3193 191 3251; x_wconf 86' lang='lat' dir='ltr'><em>contra</em></span> <span class='ocrx_word' id='word_1_242' title='bbox 204 3187 405 3276; x_wconf 68' lang='lat' dir='ltr'><em>stapurinos.</em></span> <span class='ocrx_word' id='word_1_243' title='bbox 422 3187 477 3275; x_wconf 79' lang='lat' dir='ltr'><em>qui</em></span> <span class='ocrx_word' id='word_1_244' title='bbox 487 3187 655 3251; x_wconf 82' lang='lat' dir='ltr'><em>Emanueli</em></span> <span class='ocrx_word' id='word_1_245' title='bbox 668 3187 803 3272; x_wconf 84' lang='lat' dir='ltr'><em>subjecti</em></span> <span class='ocrx_word' id='word_1_246' title='bbox 817 3195 917 3259; x_wconf 73' lang='lat' dir='ltr'><em>mant,</em></span> <span class='ocrx_word' id='word_1_247' title='bbox 934 3187 1021 3253; x_wconf 77' lang='lat' dir='ltr'><em>m</em></span> <span class='ocrx_word' id='word_1_248' title='bbox 1030 3187 1116 3251; x_wconf 91' lang='lat' dir='ltr'><em>misit</em></span> <span class='ocrx_word' id='word_1_249' title='bbox 1129 3189 1260 3274; x_wconf 59' lang='lat' dir='ltr'><em>puteum</em></span> 
     </span>
     <span class='ocr_line' id='line_1_27' title="bbox 7 3294 1258 3382; baseline 0 -23"><span class='ocrx_word' id='word_1_250' title='bbox 7 3297 9 3330; x_wconf 63' lang='lat' dir='ltr'><em>o</em></span> <span class='ocrx_word' id='word_1_251' title='bbox 78 3315 148 3382; x_wconf 79' lang='lat' dir='ltr'><em>quse</em></span> <span class='ocrx_word' id='word_1_252' title='bbox 165 3295 275 3360; x_wconf 82' lang='lat' dir='ltr'><em>urbem</em></span> <span class='ocrx_word' id='word_1_253' title='bbox 298 3297 447 3382; x_wconf 82' lang='lat' dir='ltr'><em>bellipere</em></span> <span class='ocrx_word' id='word_1_254' title='bbox 468 3294 651 3371; x_wconf 77' lang='lat' dir='ltr'><em>obtinentes,</em></span> <span class='ocrx_word' id='word_1_255' title='bbox 675 3301 711 3359; x_wconf 88' lang='lat' dir='ltr'><em>ut</em></span> <span class='ocrx_word' id='word_1_256' title='bbox 727 3295 866 3381; x_wconf 79' lang='lat' dir='ltr'><em>posteris</em></span> <span class='ocrx_word' id='word_1_257' title='bbox 888 3295 1013 3360; x_wconf 88' lang='lat' dir='ltr'><em>cederet</em></span> <span class='ocrx_word' id='word_1_258' title='bbox 1029 3296 1072 3360; x_wconf 90' lang='lat' dir='ltr'><em>od</em></span> <span class='ocrx_word' id='word_1_259' title='bbox 1093 3303 1258 3367; x_wconf 86' lang='lat' dir='ltr'><em>terrorem,</em></span> 
     </span>
     <span class='ocr_line' id='line_1_28' title="bbox 7 3399 1262 3492; baseline 0 -23"><span class='ocrx_word' id='word_1_260' title='bbox 7 3449 9 3480; x_wconf 63' lang='lat'><em>,</em></span> <span class='ocrx_word' id='word_1_261' title='bbox 78 3425 140 3469; x_wconf 91' lang='lat' dir='ltr'><em>uon</em></span> <span class='ocrx_word' id='word_1_262' title='bbox 155 3405 256 3468; x_wconf 91' lang='lat' dir='ltr'><em>solum</em></span> <span class='ocrx_word' id='word_1_263' title='bbox 276 3423 338 3490; x_wconf 91' lang='lat' dir='ltr'><em>pro</em></span> <span class='ocrx_word' id='word_1_264' title='bbox 351 3409 450 3491; x_wconf 90' lang='lat' dir='ltr'><em>parte</em></span> <span class='ocrx_word' id='word_1_265' title='bbox 464 3423 532 3469; x_wconf 89' lang='lat' dir='ltr'><em>eam</em></span> <span class='ocrx_word' id='word_1_266' title='bbox 548 3403 649 3468; x_wconf 86' lang='lat' dir='ltr'><em>diruit</em></span> <span class='ocrx_word' id='word_1_267' title='bbox 666 3401 703 3490; x_wconf 86' lang='lat' dir='ltr'><em>(l.</em></span> <span class='ocrx_word' id='word_1_268' title='bbox 720 3399 905 3487; x_wconf 81' lang='lat' dir='ltr'><em>diruerunt),</em></span> <span class='ocrx_word' id='word_1_269' title='bbox 927 3404 986 3468; x_wconf 87' lang='lat' dir='ltr'><em>sed</em></span> <span class='ocrx_word' id='word_1_270' title='bbox 1001 3405 1095 3469; x_wconf 84' lang='lat' dir='ltr'><em>ctiam</em></span> <span class='ocrx_word' id='word_1_271' title='bbox 1114 3405 1262 3492; x_wconf 86' lang='lat' dir='ltr'><em>propriis</em></span> 
     </span>
     <span class='ocr_line' id='line_1_29' title="bbox 7 3509 1261 3600; baseline -0.001 -23"><span class='ocrx_word' id='word_1_272' title='bbox 7 3529 9 3544; x_wconf 68' lang='lat'><strong>⁴</strong></span> <span class='ocrx_word' id='word_1_273' title='bbox 78 3510 238 3579; x_wconf 86' lang='lat' dir='ltr'><em>tbesouris</em></span> <span class='ocrx_word' id='word_1_274' title='bbox 254 3513 451 3600; x_wconf 76' lang='lat' dir='ltr'><em>exspoliavit</em></span> <span class='ocrx_word' id='word_1_275' title='bbox 467 3511 504 3598; x_wconf 91' lang='grc' dir='ltr'><em>(Ι.</em></span> <span class='ocrx_word' id='word_1_276' title='bbox 523 3509 791 3597; x_wconf 79' lang='lat' dir='ltr'><em>exspoliaverunt).</em></span> <span class='ocrx_word' id='word_1_277' title='bbox 815 3513 1022 3589; x_wconf 73' lang='lat' dir='ltr'><em>Ducentem</em></span> <span class='ocrx_word' id='word_1_278' title='bbox 1045 3533 1114 3578; x_wconf 89' lang='lat' dir='ltr'><em>cum</em></span> <span class='ocrx_word' id='word_1_279' title='bbox 1136 3513 1261 3600; x_wconf 84' lang='lat' dir='ltr'><em>reliqua</em></span> 
     </span>
     <span class='ocr_line' id='line_1_30' title="bbox 79 3620 1262 3709; baseline -0.001 -22"><span class='ocrx_word' id='word_1_280' title='bbox 79 3623 150 3687; x_wconf 84' lang='lat' dir='ltr'><em>stoli</em></span> <span class='ocrx_word' id='word_1_281' title='bbox 166 3629 268 3709; x_wconf 90' lang='lat' dir='ltr'><em>purte</em></span> <span class='ocrx_word' id='word_1_282' title='bbox 282 3623 369 3686; x_wconf 88' lang='lat' dir='ltr'><em>ultra</em></span> <span class='ocrx_word' id='word_1_283' title='bbox 386 3621 581 3708; x_wconf 87' lang='lat' dir='ltr'><em>procedens,</em></span> <span class='ocrx_word' id='word_1_284' title='bbox 596 3620 783 3707; x_wconf 78' lang='lat' dir='ltr'><em>Rapnuiuos,</em></span> <span class='ocrx_word' id='word_1_285' title='bbox 801 3621 953 3708; x_wconf 82' lang='lat' dir='ltr'><em>pollicita</em></span> <span class='ocrx_word' id='word_1_286' title='bbox 973 3621 1137 3705; x_wconf 78' lang='lat' dir='ltr'><em>fidelitatis</em></span> <span class='ocrx_word' id='word_1_287' title='bbox 1152 3622 1262 3686; x_wconf 91' lang='lat' dir='ltr'><em>imme·</em></span> 
     </span>
     <span class='ocr_line' id='line_1_31' title="bbox 79 3729 1258 3816; baseline -0.002 -20"><span class='ocrx_word' id='word_1_288' title='bbox 79 3749 194 3807; x_wconf 85' lang='lat' dir='ltr'><em>mores,</em></span> <span class='ocrx_word' id='word_1_289' title='bbox 217 3731 280 3796; x_wconf 86' lang='lat' dir='ltr'><em>sibi</em></span> <span class='ocrx_word' id='word_1_290' title='bbox 299 3732 431 3796; x_wconf 77' lang='lat' dir='ltr'><em>rebelles</em></span> <span class='ocrx_word' id='word_1_291' title='bbox 451 3733 524 3814; x_wconf 79' lang='lat' dir='ltr'><em>fore</em></span> <span class='ocrx_word' id='word_1_292' title='bbox 545 3731 674 3796; x_wconf 88' lang='lat' dir='ltr'><em>inuenit.</em></span> <span class='ocrx_word' id='word_1_293' title='bbox 699 3731 884 3795; x_wconf 56' lang='lat' dir='ltr'><em>&amp;esmant</em></span> <span class='ocrx_word' id='word_1_294' title='bbox 906 3730 1052 3794; x_wconf 88' lang='lat' dir='ltr'><em>similiter</em></span> <span class='ocrx_word' id='word_1_295' title='bbox 1073 3729 1258 3816; x_wconf 80' lang='lat' dir='ltr'><em>imperialia</em></span> 
     </span>
     <span class='ocr_line' id='line_1_32' title="bbox 7 3839 1261 3915; baseline 0.001 -12"><span class='ocrx_word' id='word_1_296' title='bbox 7 3875 8 3884; x_wconf 26' lang='grc' dir='ltr'><strong>κ</strong></span> <span class='ocrx_word' id='word_1_297' title='bbox 82 3841 200 3905; x_wconf 73' lang='lat' dir='ltr'><em>serilla</em></span> <span class='ocrx_word' id='word_1_298' title='bbox 224 3841 260 3904; x_wconf 91' lang='lat' dir='ltr'><em>iu</em></span> <span class='ocrx_word' id='word_1_299' title='bbox 280 3841 467 3905; x_wconf 68' lang='lat' dir='ltr'><em>mmibuset</em></span> <span class='ocrx_word' id='word_1_300' title='bbox 481 3840 579 3904; x_wconf 89' lang='lat' dir='ltr'><em>muris</em></span> <span class='ocrx_word' id='word_1_301' title='bbox 594 3841 673 3911; x_wconf 82' lang='lat' dir='ltr'><em>mois,</em></span> <span class='ocrx_word' id='word_1_302' title='bbox 696 3846 926 3905; x_wconf 87' lang='lat' dir='ltr'><em>contemnentes</em></span> <span class='ocrx_word' id='word_1_303' title='bbox 940 3859 1003 3902; x_wconf 88' lang='lat' dir='ltr'><em>non</em></span> <span class='ocrx_word' id='word_1_304' title='bbox 1019 3839 1117 3903; x_wconf 89' lang='lat' dir='ltr'><em>solum</em></span> <span class='ocrx_word' id='word_1_305' title='bbox 1132 3839 1261 3915; x_wconf 76' lang='lat' dir='ltr'><em>Ducem</em></span> 
     </span>
     <span class='ocr_line' id='line_1_33' title="bbox 81 3947 1260 4035; baseline -0.003 -21"><span class='ocrx_word' id='word_1_306' title='bbox 81 3968 167 4034; x_wconf 75' lang='lat' dir='ltr'><em>quem</em></span> <span class='ocrx_word' id='word_1_307' title='bbox 188 3949 252 4014; x_wconf 85' lang='lat' dir='ltr'><em>sibi</em></span> <span class='ocrx_word' id='word_1_308' title='bbox 271 3950 311 4014; x_wconf 88' lang='lat' dir='ltr'><em>ab</em></span> <span class='ocrx_word' id='word_1_309' title='bbox 332 3947 471 4034; x_wconf 76' lang='lat' dir='ltr'><em>antiquis</em></span> <span class='ocrx_word' id='word_1_310' title='bbox 486 3949 677 4034; x_wconf 85' lang='lat' dir='ltr'><em>temporibus</em></span> <span class='ocrx_word' id='word_1_311' title='bbox 692 3949 726 4014; x_wconf 92' lang='lat' dir='ltr'><em>in</em></span> <span class='ocrx_word' id='word_1_312' title='bbox 742 3949 899 4013; x_wconf 89' lang='lat' dir='ltr'><em>dominum</em></span> <span class='ocrx_word' id='word_1_313' title='bbox 915 3950 1077 4035; x_wconf 81' lang='lat' dir='ltr'><em>cleperent</em></span> <span class='ocrx_word' id='word_1_314' title='bbox 1092 3948 1260 4019; x_wconf 86' lang='lat' dir='ltr'><em>bonorare,</em></span> 
     </span>
     <span class='ocr_line' id='line_1_34' title="bbox 81 4055 1262 4144; baseline 0 -24"><span class='ocrx_word' id='word_1_315' title='bbox 81 4057 134 4120; x_wconf 85' lang='lat' dir='ltr'><em>sed</em></span> <span class='ocrx_word' id='word_1_316' title='bbox 147 4065 186 4122; x_wconf 92' lang='lat' dir='ltr'><em>ut</em></span> <span class='ocrx_word' id='word_1_317' title='bbox 200 4057 263 4122; x_wconf 89' lang='lat' dir='ltr'><em>sibi</em></span> <span class='ocrx_word' id='word_1_318' title='bbox 278 4059 386 4122; x_wconf 79' lang='lat' dir='ltr'><em>amulo</em></span> <span class='ocrx_word' id='word_1_319' title='bbox 403 4063 526 4122; x_wconf 79' lang='lat' dir='ltr'><em>ennato</em></span> <span class='ocrx_word' id='word_1_320' title='bbox 541 4077 636 4122; x_wconf 88' lang='lat' dir='ltr'><em>mauu</em></span> <span class='ocrx_word' id='word_1_321' title='bbox 651 4057 800 4122; x_wconf 87' lang='lat' dir='ltr'><em>resistere</em></span> <span class='ocrx_word' id='word_1_322' title='bbox 811 4064 1091 4144; x_wconf 79' lang='lat' dir='ltr'><em>presumpserunt.</em></span> <span class='ocrx_word' id='word_1_323' title='bbox 1108 4058 1188 4122; x_wconf 79' lang='lat' dir='ltr'><em>Duc</em></span> <span class='ocrx_word' id='word_1_324' title='bbox 1202 4055 1262 4121; x_wconf 85' lang='lat' dir='ltr'><em>boc</em></span> 
     </span>
     <span class='ocr_line' id='line_1_35' title="bbox 81 4165 1263 4253; baseline -0.002 -23"><span class='ocrx_word' id='word_1_325' title='bbox 81 4165 207 4252; x_wconf 74' lang='lat' dir='ltr'><em>mdipne</em></span> <span class='ocrx_word' id='word_1_326' title='bbox 218 4169 327 4249; x_wconf 75' lang='lat' dir='ltr'><em>sereres</em></span> <span class='ocrx_word' id='word_1_327' title='bbox 342 4165 463 4231; x_wconf 87' lang='lat' dir='ltr'><em>bellicis</em></span> <span class='ocrx_word' id='word_1_328' title='bbox 478 4167 691 4232; x_wconf 89' lang='lat' dir='ltr'><em>instrumentis</em></span> <span class='ocrx_word' id='word_1_329' title='bbox 706 4167 813 4232; x_wconf 91' lang='lat' dir='ltr'><em>urbem</em></span> <span class='ocrx_word' id='word_1_330' title='bbox 828 4165 1011 4253; x_wconf 80' lang='lat' dir='ltr'><em>impupnori</em></span> <span class='ocrx_word' id='word_1_331' title='bbox 1022 4165 1129 4252; x_wconf 86' lang='lat' dir='ltr'><em>jussit.</em></span> <span class='ocrx_word' id='word_1_332' title='bbox 1158 4165 1263 4230; x_wconf 82' lang='lat' dir='ltr'><em>Veneti</em></span> 
     </span>
     <span class='ocr_line' id='line_1_36' title="bbox 80 4274 1263 4364; baseline -0.001 -25"><span class='ocrx_word' id='word_1_333' title='bbox 80 4282 191 4350; x_wconf 63' lang='lat' dir='ltr'><em>Mem,</em></span> <span class='ocrx_word' id='word_1_334' title='bbox 207 4276 292 4361; x_wconf 74' lang='lat' dir='ltr'><em>quod</em></span> <span class='ocrx_word' id='word_1_335' title='bbox 298 4277 423 4361; x_wconf 87' lang='lat' dir='ltr'><em>jussum</em></span> <span class='ocrx_word' id='word_1_336' title='bbox 435 4276 554 4359; x_wconf 74' lang='lat' dir='ltr'><em>suerat.</em></span> <span class='ocrx_word' id='word_1_337' title='bbox 569 4277 724 4342; x_wconf 83' lang='lat' dir='ltr'><em>audacter</em></span> <span class='ocrx_word' id='word_1_338' title='bbox 739 4281 944 4364; x_wconf 67' lang='lat' dir='ltr'><em>exequentes,</em></span> <span class='ocrx_word' id='word_1_339' title='bbox 967 4275 1122 4340; x_wconf 84' lang='lat' dir='ltr'><em>continuis</em></span> <span class='ocrx_word' id='word_1_340' title='bbox 1137 4274 1263 4340; x_wconf 88' lang='lat' dir='ltr'><em>insulti-</em></span> 
     </span>
     <span class='ocr_line' id='line_1_37' title="bbox 82 4383 1260 4474; baseline 0.002 -28"><span class='ocrx_word' id='word_1_341' title='bbox 82 4383 133 4446; x_wconf 83' lang='lat' dir='ltr'><em>bm</em></span> <span class='ocrx_word' id='word_1_342' title='bbox 153 4384 265 4447; x_wconf 84' lang='lat' dir='ltr'><em>eadem</em></span> <span class='ocrx_word' id='word_1_343' title='bbox 286 4385 338 4449; x_wconf 75' lang='lat' dir='ltr'><em>dre</em></span> <span class='ocrx_word' id='word_1_344' title='bbox 354 4387 504 4473; x_wconf 65' lang='lat' dir='ltr'><em>mandem</em></span> <span class='ocrx_word' id='word_1_345' title='bbox 519 4393 624 4452; x_wconf 85' lang='lat' dir='ltr'><em>turres</em></span> <span class='ocrx_word' id='word_1_346' title='bbox 639 4387 863 4460; x_wconf 84' lang='lat' dir='ltr'><em>ascenderunt,</em></span> <span class='ocrx_word' id='word_1_347' title='bbox 888 4393 918 4451; x_wconf 89' lang='lat' dir='ltr'><em>et</em></span> <span class='ocrx_word' id='word_1_348' title='bbox 932 4384 1086 4474; x_wconf 90' lang='lat' dir='ltr'><em>depositis</em></span> <span class='ocrx_word' id='word_1_349' title='bbox 1100 4383 1260 4472; x_wconf 81' lang='lat' dir='ltr'><em>Imperia-</em></span> 
     </span>
     <span class='ocr_line' id='line_1_38' title="bbox 80 4491 1256 4584; baseline 0 -27"><span class='ocrx_word' id='word_1_350' title='bbox 80 4491 341 4581; x_wconf 80' lang='lat' dir='ltr'><em>libusimsipnibus</em></span> <span class='ocrx_word' id='word_1_351' title='bbox 352 4495 437 4561; x_wconf 86' lang='lat' dir='ltr'><em>beuti</em></span> <span class='ocrx_word' id='word_1_352' title='bbox 448 4495 553 4562; x_wconf 76' lang='lat' dir='ltr'><em>Marci</em></span> <span class='ocrx_word' id='word_1_353' title='bbox 563 4496 763 4584; x_wconf 80' lang='lat' dir='ltr'><em>eoanpclistoe</em></span> <span class='ocrx_word' id='word_1_354' title='bbox 775 4495 909 4584; x_wconf 75' lang='lat' dir='ltr'><em>effipiem</em></span> <span class='ocrx_word' id='word_1_355' title='bbox 920 4497 1057 4582; x_wconf 88' lang='lat' dir='ltr'><em>desuper</em></span> <span class='ocrx_word' id='word_1_356' title='bbox 1065 4501 1256 4581; x_wconf 87' lang='lat' dir='ltr'><em>posuerunt.</em></span> 
     </span>
     <span class='ocr_line' id='line_1_39' title="bbox 83 4599 1257 4690; baseline 0.002 -24"><span class='ocrx_word' id='word_1_357' title='bbox 83 4599 213 4688; x_wconf 75' lang='lat' dir='ltr'><em>Ossaque</em></span> <span class='ocrx_word' id='word_1_358' title='bbox 243 4604 348 4668; x_wconf 83' lang='lat' dir='ltr'><em>attero</em></span> <span class='ocrx_word' id='word_1_359' title='bbox 373 4603 428 4668; x_wconf 90' lang='lat' dir='ltr'><em>dis</em></span> <span class='ocrx_word' id='word_1_360' title='bbox 453 4604 498 4669; x_wconf 90' lang='lat' dir='ltr'><em>ud</em></span> <span class='ocrx_word' id='word_1_361' title='bbox 526 4606 725 4670; x_wconf 84' lang='lat' dir='ltr'><em>reiterandos</em></span> <span class='ocrx_word' id='word_1_362' title='bbox 750 4605 886 4671; x_wconf 79' lang='lat' dir='ltr'><em>imultns</em></span> <span class='ocrx_word' id='word_1_363' title='bbox 918 4604 1022 4670; x_wconf 85' lang='lat' dir='ltr'><em>Veneti</em></span> <span class='ocrx_word' id='word_1_364' title='bbox 1049 4609 1257 4690; x_wconf 85' lang='lat' dir='ltr'><em>pararentur,</em></span> 
     </span>
    </p>
   </div>
   <div class='ocr_carea' id='block_1_4' title="bbox 0 0 1578 5082">
    <p class='ocr_par' dir='ltr' id='par_1_5' title="bbox 0 0 1578 5082">
     <span class='ocr_line' id='line_1_40' title="bbox 0 0 1578 5082; baseline 0 0"><span class='ocrx_word' id='word_1_365' title='bbox 0 0 1578 5082; x_wconf 95' lang='lat' dir='ltr'><em> </em></span> 
     </span>
    </p>
   </div>
  </div>
 </body>
</html>
