3148 5080
483 384 726 441 Cnnrsasnnarnrr
742 383 846 441 naam
859 384 880 440 l.
945 387 950 396 '
1230 375 1276 448 51

49 566 56 586 ·
74 543 261 630 simpliciter
273 547 304 614 in
316 548 453 614 omnihus
466 549 601 634 partibus
617 549 674 614 sub
687 553 838 634 potestate
855 554 966 614 nostra
982 549 1042 632 pire
1058 549 1281 635 tranquillitatis

76 655 293 729 existentibus,
316 677 374 722 non
393 659 563 741 prebentes
579 676 698 742 quoquo
715 656 805 722 modo
821 677 877 740 pro
894 657 1027 742 qualibet
1043 659 1165 742 propria
1180 678 1283 723 merce

76 761 244 847 quidquam
261 767 437 830 commercii
457 767 570 848 gratia,
596 765 644 832 rel
661 765 788 831 alicuius
805 763 881 829 alios
898 763 1098 836 conditionis,
1124 785 1190 850 qua
1206 765 1281 830 fiseo

78 868 282 958 debeatur1).

175 1023 247 1106 „st
272 1022 351 1116 qnid
375 1045 515 1118 unquam
540 1024 583 1094 sit
608 1046 737 1108 eorum,
768 1046 834 1120 que
861 1030 938 1094 sunl
962 1023 1171 1094 commutatio
1199 1047 1283 1120 pure

79 1147 223 1217 amicitie
248 1171 289 1218 ac
314 1147 413 1218 fidei?
447 1149 534 1236 Quid
558 1172 639 1220 uero
669 1151 781 1220 amicis
808 1157 841 1220 et
865 1151 1036 1236 ministris,
1065 1149 1221 1243 periculis
1246 1172 1283 1220 se

78 1272 216 1344 obicere
235 1297 298 1368 pro
318 1275 429 1345 amieis
449 1281 482 1346 et
502 1274 639 1346 dominis
659 1275 867 1368 eligentibus,
887 1275 1005 1346 reddet
1019 1276 1089 1370 quis
1105 1276 1179 1370 equi
1192 1298 1280 1369 pon·

81 1399 172 1470 deris
192 1406 229 1471 et
247 1401 396 1486 maxime,
417 1401 548 1496 quando
568 1409 750 1497 spontanee
768 1425 830 1496 pro
845 1403 895 1473 his
910 1403 942 1472 in
957 1403 1139 1473 contamina
1154 1403 1186 1472 in
1201 1402 1274 1486 hiis,

82 1547 146 1620 que
176 1527 563 1612 contremescunt,
592 1528 704 1622 preliis
732 1527 765 1598 hi
794 1527 969 1599 uenerint?
1002 1528 1124 1599 Nostra
1151 1529 1281 1623 quidem

82 1651 230 1724 studium
244 1653 422 1726 uoluntatis
442 1677 592 1748 magnam
610 1653 695 1728 hanc
713 1679 784 1726 rem
802 1679 941 1752 ponens,
969 1655 1067 1726 nichil
1087 1655 1128 1726 ad
1149 1654 1281 1748 dignam

80 1779 204 1850 invenit
222 1782 531 1852 remunerationem.
560 1782 682 1854 Reddit
700 1806 799 1868 uero,
830 1789 949 1878 quanta
970 1782 1026 1854 dat
1043 1782 1219 1876 temporis,
1247 1789 1281 1852 et

82 1929 145 2000 que
165 1907 282 1978 amicis
310 1914 344 1979 et
368 1909 522 1980 ministris
541 1915 618 1979 sunt
635 1908 808 2003 placentia.
838 1907 923 1978 Sunt
941 1913 1066 1990 autem,
1094 1929 1158 2002 que
1177 1907 1279 1978 retri-

81 2031 232 2104 buuntur
254 2034 331 2105 fidei
356 2041 389 2106 et
407 2059 491 2129 pure
510 2035 676 2108 servitutis
695 2035 829 2130 premia,
850 2041 963 2105 nostra
983 2033 1114 2128 quidem
1132 2003 1280 2106 inrdiosa

83 2161 259 2233 uoluntate
284 2169 318 2233 et
343 2169 527 2256 spontaneo
554 2163 661 2233 animo
686 2163 810 2232 minora
829 2185 868 2232 ao
887 2162 1061 2255 pauciora,
1090 2183 1156 2231 non
1176 2161 1275 2254 igno-

84 2286 159 2358 bilia
178 2310 265 2358 uero
287 2288 437 2382 quedam,
456 2311 518 2358 nec
537 2289 647 2358 amicis
664 2295 697 2359 et
711 2287 817 2360 seruis
836 2288 980 2382 indigna.
1000 2285 1069 2358 Sed
1089 2285 1166 2380 quid
1184 2287 1280 2356 michi

85 2413 270 2508 proemium
293 2412 391 2485 uutt
427 2413 497 2498 Ea,
527 2437 589 2508 que
617 2413 758 2485 fidelium
786 2413 1019 2486 Uenetieorum
1046 2419 1140 2496 sunt,
1173 2412 1281 2482 nullus

84 2541 227 2612 omnium
247 2541 426 2633 ignorauit,
447 2546 481 2611 et
500 2561 566 2634 quo
585 2540 685 2610 modo
704 2546 867 2610 uenerunt
886 2540 1083 2618 constructis
1107 2540 1279 2610 multiferis

85 2667 225 2738 nauibus
253 2668 296 2737 ad
324 2666 554 2760 Epidamnum,
589 2666 678 2760 quod
706 2665 919 2759 Dyrrachium
946 2689 1102 2738 uoeamus
1135 2689 1218 2749 n0s;
1250 2673 1284 2736 et

84 2794 253 2890 momodo
273 2795 364 2866 uiros
383 2793 458 2864 naui
475 2799 662 2887 pugnantes
677 2792 865 2864 innumeros
879 2792 912 2862 in
927 2792 1077 2863 auxilium
1091 2792 1186 2863 nobis
1200 2816 1281 2886 pre·

86 2927 318 3002 sentauerunt3
340 2919 495 3013 quodque
507 2919 643 3014 proprio
659 2918 757 2990 stollo
772 2918 905 2990 scelesti
923 2917 1044 2989 stolum
1063 2919 1095 2989 ui
1114 2942 1282 3013 superare,
1363 2996 1366 3002 ,

2 3095 3 3112 r
85 3048 265 3142 perdentes
281 3070 355 3118 cum
373 3047 453 3140 ipsis
471 3045 570 3127 uiris;
591 3053 625 3116 et
643 3045 732 3140 qnod
751 3067 837 3114 nunc
857 3067 988 3140 quoque
1008 3045 1100 3116 nobis
1120 3045 1278 3116 auxilian-

2 3211 3 3220 κ
86 3179 138 3244 tes
157 3179 396 3267 perseuerant;
418 3179 451 3244 ct
469 3171 543 3256 alia,
564 3194 629 3266 que
648 3170 927 3266 athalattoeopis‚
947 3171 968 3240 i.
986 3193 1016 3240 e.
1038 3172 1070 3240 in
1089 3172 1169 3240 mari
1187 3170 1284 3240 labo-

2 3299 6 3387 ῥ
86 3300 233 3370 rantibus
253 3300 333 3368 uiris
352 3306 426 3370 acta
444 3304 538 3380 sunt;
564 3305 598 3368 et
617 3321 681 3392 que
700 3303 850 3368 correcta
870 3303 1034 3368 nonerunt
1054 3317 1180 3381 omnes,
1202 3297 1282 3367 etsi

2 3589 3 3634 3
112 3562 140 3633 ¹)
161 3561 209 3615 llie
228 3563 377 3632 tragrnenta
396 3561 529 3617 liniuntur.
549 3561 612 3616 Rem
627 3561 745 3635 pluribus
758 3560 867 3631 attingit
883 3559 1102 3614 Primaudaie
1120 3557 1218 3614 ttades
1236 3577 1283 3615 sur

2 3641 3 3664 l
160 3654 185 3707 le
199 3669 348 3707 commarca
368 3671 400 3707 au
420 3670 513 3726 moyen
527 3653 578 3724 ige
597 3671 623 3725 p.
638 3653 681 3716 36,
700 3651 745 3715 3⁷,
767 3653 811 3723 qui
824 3651 881 3706 inre
899 3653 1004 3704 monet:
1026 3667 1059 3716 „a
1072 3653 1192 3720 sempter
1206 3649 1240 3704 de
1254 3667 1286 3704 es

158 3745 231 3815 jour,
255 3745 295 3798 les
318 3744 444 3798 relations
465 3743 611 3816 potitiques
632 3745 660 3797 et
678 3741 875 3798 commerciales
897 3745 972 3796 entre
991 3741 1031 3796 les
1053 3739 1122 3794 deux
1142 3725 1220 3795 dors
1238 3739 1286 3794 de-

161 3834 266 3888 viarent
282 3835 343 3905 plus
363 3832 473 3888 e'troites
494 3837 523 3888 et
541 3834 603 3906 plus
622 3832 785 3904 trequentes.
805 3832 845 3888 Un
866 3832 951 3904 grand
969 3833 1076 3886 nombre
1096 3830 1129 3884 de
1150 3829 1287 3886 Venitiens

161 3923 334 3980 s'elablirsnt
347 3925 362 3978 ai
376 3923 594 3998 Constantinople
605 3927 632 3978 et
641 3922 803 3995 eipousierent
812 3923 859 3978 des
871 3922 937 3978 lilles
948 3923 981 3976 de
990 3921 1102 3977 tamilles
1113 3920 1287 3990 distinguees.

162 4015 257 4070 loaisa
271 4014 357 4069 donna
369 4031 420 4067 uns
434 4015 494 4087 plus
507 4014 592 4084 grand
605 4012 712 4068 aotlritd
722 4013 737 4066 d
747 4030 776 4068 sa
789 4013 896 4075 marine,
911 4015 947 4075 et,
960 4013 976 4066 d
988 4011 1006 4066 l'
1016 4011 1075 4066 side
1085 4012 1133 4066 des
1143 4009 1286 4084 privileges

163 4104 265 4176 qu'slla
278 4105 349 4160 arsit
362 4107 483 4168 ablenus,
496 4105 631 4178 s’empsra
644 4121 697 4178 pen
708 4104 785 4176 ipsu
798 4105 831 4158 de
843 4107 904 4158 tout
916 4105 942 4158 le
955 4119 1104 4158 commarca
1117 4103 1150 4157 de
1165 4103 1180 4158 l'
1189 4103 1289 4175 empire

164 4202 258 4268 μεθ’.
277 4193 461 4250 conterendus
480 4197 558 4250 etiam
571 4195 740 4250 liudovico
755 4193 849 4248 Sauli
861 4194 932 4248 della
946 4193 1048 4248 colonia
1062 4192 1105 4246 dei
1119 4193 1251 4248 Generosi
1264 4195 1292 4248 in

162 4287 259 4341 Galata
271 4287 303 4340 T.
317 4288 337 4348 Ι,
350 4305 376 4358 p.
392 4288 423 4341 ll
439 4305 500 4357 sqq.
524 4287 577 4341 Res
590 4305 604 4341 a
617 4288 735 4341 ltoberto
748 4285 896 4340 Gniscardo
917 4287 1008 4355 gestas
1022 4287 1049 4338 et
1066 4283 1151 4339 Alexii
1171 4283 1289 4357 lmpera·

161 4377 229 4432 toris
253 4377 289 4430 de
313 4377 408 4430 anxilio
430 4377 596 4449 impetranda
615 4377 756 4432 tentamina
777 4377 919 4431 illustravit
938 4377 969 4430 E.
983 4375 1150 4430 Gaultier
1168 4374 1291 4438 D'Are,

162 4469 274 4523 histoire
293 4466 342 4521 das
361 4467 507 4539 conquriles
528 4469 576 4523 des
595 4468 743 4524 llorrnands
756 4460 808 4522 ete.
834 4466 909 4522 Paris
929 4468 1010 4530 18³0,
1029 4467 1095 4522 libre
1115 4468 1163 4532 lll‚
1181 4469 1289 4540 etrapt

164 4559 201 4631 [p.
215 4559 270 4614 323
284 4555 370 4629 sqq.].

1035 4649 1073 4704 μ
