3130 5078
286 330 363 402 566
580 339 675 394 lnraoo.
688 337 723 392 ill
736 354 824 394 nrrsr.
839 355 875 394 sn
888 339 1042 392 Bsusnror.
1056 337 1163 392 Lusus.

819 505 929 582 oum.

285 651 474 717 lmsconttns
504 651 546 716 ΙΙΙ
582 648 792 732 Boeotios),
822 649 906 716 auu
941 652 1063 714 sanctos
1102 646 1253 714 snum
1289 645 1463 728 mmm„

571 759 736 844 dominati,
764 760 949 844 spostolicae
964 757 1048 825 seeo
1062 757 1180 839 tegete.

290 887 328 952 Ut
347 887 498 975 pomulam
525 886 742 952 ordinationes
768 885 803 950 io
830 883 974 952 Ecclesia
997 883 1344 968 Gomtaotioopols‘tooo
1362 883 1464 970 jswtc

629 994 796 1082 poctimrcs
817 995 924 1078 foetas
947 995 1114 1080 confimtct.

669 1115 1092 1189 summossspomsup).

375 1225 1462 1314 lnnoe.lllepist.lih.ViiLep.CXXXVed.BrdquignyT‚ll.p.'ltl.

375 1359 468 1432 Licet
486 1359 668 1454 pactiones,
688 1383 771 1456 quae
790 1359 948 1432 derebus
967 1357 1198 1432 ecclesiasticis
1216 1360 1301 1431 inter
1319 1363 1464 1432 dianeos

289 1495 323 1560 et
341 1485 485 1559 Venetos
508 1487 617 1558 factae
642 1487 793 1572 luerunt,
821 1509 886 1558 non
911 1485 976 1558 sint
1000 1485 1040 1557 dc
1061 1485 1137 1578 jure
1156 1485 1354 1572 seruandae,
1380 1485 1463 1557 sieut

287 1623 394 1688 tamen
420 1637 481 1687 nos
504 1637 566 1708 pro
590 1613 747 1685 servanda
772 1613 947 1684 concordia
971 1613 1134 1683 intereos
1153 1613 1185 1682 in
1204 1611 1365 1684 electione
1384 1635 1463 1710 pro-

288 1741 444 1812 cessimus
467 1739 694 1823 Patriarchae,
720 1740 768 1808 sic
787 1740 873 1810 tuin
893 1739 1078 1810 ordinandis
1096 1738 1253 1810 Ecclesiis
1271 1763 1333 1833 pro
1353 1740 1463 1812 endem

287 1889 385 1939 causa
408 1867 589 1962 procedas,
616 1873 652 1938 ut
677 1867 873 1937 auctoritate
899 1872 1011 1938 nostra
1034 1864 1121 1936 licite
1145 1865 1218 1950 liat,
1243 1866 1332 1960 quod
1351 1889 1463 1940 eorum

287 1995 473 2066 temeritate
498 1993 558 2064 suit
582 1992 692 2063 illicite
718 1994 941 2066 constitutum.
971 1991 1052 2064 Cum
1071 1991 1155 2062 enim
1172 1992 1258 2062 inter
1282 1991 1464 2085 hujusmodi

288 2124 457 2216 pactiones
475 2120 539 2192 hoc
558 2119 765 2191 contineatur
783 2142 984 2212 expressum,
1003 2125 1040 2190 ut
1054 2117 1164 2191 clerici
1177 2117 1346 2214 utriusque
1364 2121 1465 2214 partis

288 2247 357 2319 illas
376 2246 542 2320 Ecclesiae
557 2245 700 2317 debeant
718 2245 882 2328 ordinare,
902 2269 985 2341 quae
1003 2268 1082 2317 suae
1100 2246 1183 2340 parti
1202 2248 1414 2342 contigerint,
1434 2254 1466 2318 et

290 2373 448 2470 quaedam
459 2373 681 2445 ecclesiastica
695 2371 863 2458 beneficis,
878 2373 919 2444 de
933 2371 1096 2444 commoni
1110 2395 1246 2444 assensu
1259 2373 1362 2444 totius
1375 2371 1465 2457 cleri,

162 2557 163 2562 ,
290 2502 355 2572 sint
373 2499 563 2596 quibusdam
592 2499 719 2572 clericis
744 2499 997 2572 transmontanis
1023 2498 1064 2570 ad
1089 2499 1270 2572 custodiam
1289 2501 1465 2594 assignata,

289 2627 475 2699 discretioni
495 2635 572 2700 tuae
591 2651 651 2720 per
669 2627 849 2720 apostolica
868 2627 990 2722 scripta
1010 2627 1216 2710 mandamus,
1240 2635 1401 2721 quatenus
1420 2649 1466 2708 ea,

290 2777 374 2850 quae
400 2753 432 2822 in
458 2759 552 2846 parte
576 2755 777 2824 Francorum
797 2753 961 2848 assignata
980 2751 1162 2846 repereris,
1187 2753 1309 2824 eisdem
1328 2753 1467 2834 clericis,

290 2879 418 2952 sublato
437 2880 661 2974 appellationis
682 2880 864 2964 obstaculo,
893 2881 1090 2951 auctoritate
1107 2886 1218 2950 nostra
1239 2879 1415 2962 concedas,
1441 2879 1467 2948 si

289 3007 377 3078 forte
392 3006 582 3078 venerabilis
595 3007 700 3078 irater
719 3015 843 3092 noster,
863 3004 1069 3100 [Thomna]
1089 3005 1469 3102 constantinopolitanus

289 3133 489 3217 Patriarcha,
509 3136 650 3205 monitus
669 3133 852 3230 diligenter,
872 3133 990 3204 saillis
1010 3101 1222 3206 non'duxerit
1240 3133 1468 3214 concedenda;

292 3263 364 3358 quia
390 3261 546 3354 gratiam,
573 3283 666 3357 quam
684 3261 815 3332 Venetis
840 3261 977 3333 iacimus
996 3263 1027 3333 in
1048 3261 1179 3354 majori,
1207 3283 1274 3332 non
1292 3261 1390 3332 decet
1409 3282 1468 3332 nos

292 3387 425 3460 Francis
444 3388 476 3458 in
495 3387 611 3461 minori
630 3411 763 3484 negare.

380 3515 497 3587 ilatum
516 3521 582 3586 etc.

821 3639 944 3712 CLVll.

291 3767 404 3832 dleetls
425 3765 529 3830 lemn!
549 3765 628 3832 (lene
647 3767 678 3830 Ιι
700 3765 878 3831 detestato·
894 3763 1251 3848 donstanttnspslltann
1275 3769 1344 3848 pest
1359 3764 1467 3828 obitu

683 3875 792 3940 domm
807 3875 923 3940 lenrlol
939 3874 1082 3938 dandulo.

607 3999 637 4052 Α.
651 3997 677 4051 d.
692 3995 972 4058 scodrinensem
986 3995 1158 4068 Septembris.

381 4107 474 4172 Liber
488 4107 579 4174 Albus
595 4107 647 4173 iol.
665 4105 705 4172 41
724 4128 769 4193 sq.
794 4107 888 4172 Liber
903 4107 1059 4173 Pactorum
1075 4107 1097 4182 1,
1119 4105 1210 4172 154⁹.

384 4216 559 4282 Andreas
582 4217 781 4282 ltandulus
804 4218 834 4280 in
857 4217 999 4283 chronico
1022 4215 1042 4282 l.
1066 4237 1093 4282 e.
1114 4240 1144 4303 p.
1168 4215 1251 4280 334:
1273 4217 1360 4282 Sorte
1382 4215 1469 4280 Vene-

292 4333 393 4392 toncm
415 4328 550 4414 popolus
572 4327 606 4392 in
623 4326 896 4414 Constantinopoli
914 4325 1074 4392 Marinum
1095 4327 1178 4392 Zeno
1200 4325 1263 4392 sios·
1283 4327 1469 4392 Potestetenr

292 4441 453 4510 dmum
481 4435 536 4522 poi
561 4436 600 4500 ab
625 4435 775 4508 ilenrico.
803 4435 917 4500 domo
943 4435 1134 4503 Patrtorcdc
1157 4435 1355 4502 coronandos
1377 4441 1468 4510 emet,

294 4535 551 4629 approbationem
570 4543 733 4628 foederum
754 4544 788 4608 in
808 4543 955 4632 captione
981 4545 1113 4633 imperii
1133 4547 1294 4629 sactorum
1318 4543 1467 4632 accepit.
