3148 5080
511 360 639 416 Donarro
653 377 737 416 auore
752 359 860 416 Vener.
1232 351 1283 424 57

177 527 328 600 Tertium
346 553 478 624 quoque
503 532 718 624 ergasterium
744 531 891 600 similiter
915 537 1171 613 transactamus,
1198 531 1285 602 sieut

78 660 135 724 est
162 655 265 726 situm
283 655 378 749 juxta
397 659 503 749 ipsum
522 658 757 751 ergasterium,
788 656 876 750 quod
895 663 973 728 tunc
991 658 1052 728 luit
1070 657 1199 729 Visonis
1218 658 1285 728 bon

77 784 235 876 Georgio
242 776 286 874 ¹),
306 783 411 855 altero
430 784 503 877 ejus
520 783 623 854 latere
641 784 788 854 firmante
802 784 895 876 juxta
913 786 1019 878 ipsum
1037 779 1204 878 sacrum)
1220 837 1229 854 ·
1246 837 1255 854 ·
1273 843 1282 862 .

175 911 575 1004 llocnamquetotum,ut
589 909 786 992 dictumest,
802 910 1069 1004 acomprehenso
1084 910 1172 981 dicto
1185 933 1281 982 sacro

80 1059 192 1129 usque
211 1036 405 1108 adveniente
431 1037 473 1108 ad
495 1037 655 1131 prefatam
683 1035 858 1118 ludecam,
885 1037 1064 1108 secundum
1083 1037 1172 1131 quod
1192 1060 1279 1109 nunc

81 1163 206 1235 adesse
225 1163 354 1235 ridetur
370 1169 488 1245 totum,
508 1163 594 1234 sieut
612 1169 665 1234 est
682 1163 825 1257 positum
845 1162 1004 1234 decontra
1021 1156 1209 1256 Stamno⁸).

178 1289 295 1360 Omnia
321 1289 354 1359 in
382 1289 551 1371 omnibus,
579 1290 666 1360 sieut
694 1288 902 1382 designatum
929 1297 997 1372 est,
1026 1313 1102 1362 cum
1126 1297 1199 1362 toto
1218 1313 1279 1362 suo

83 1417 229 1500 edificio,
256 1416 386 1510 petrino
406 1423 440 1488 et
457 1416 589 1510 ligneo,
610 1422 771 1510 cooperto
791 1415 841 1487 uel
861 1415 1094 1510 discooperto,
1119 1439 1193 1487 curn
1212 1417 1279 1486 suis

81 1543 228 1625 solariis,
248 1543 450 1637 inquantum
464 1565 501 1613 se
514 1543 559 1612 ihi
574 1540 832 1637 comprehendit,
848 1563 921 1611 eum
937 1563 1074 1612 accessu
1090 1549 1125 1613 et
1139 1563 1279 1638 egressu

82 1693 159 1752 suo,
181 1694 258 1742 cum
272 1669 419 1740 omnibus
434 1671 501 1740 suis
515 1669 675 1742 habentiis
695 1674 728 1738 et
746 1668 950 1762 pertinentiis
965 1669 1005 1740 ab
1024 1670 1111 1740 intus
1127 1676 1160 1741 et
1174 1677 1277 1752 extra,

2 1773 7 1794 ’
83 1797 171 1869 sicut
183 1797 456 1892 predeaignatum
471 1803 523 1868 est
535 1802 713 1879 transacte,
731 1794 764 1864 in
783 1793 900 1888 prefati
916 1797 1103 1868 monasterii
1118 1797 1154 1867 S.
1171 1795 1280 1867 (leor-

82 1925 129 2018 gii
149 1915 269 2019 suique
287 1923 503 2018 prenominati
521 1921 659 1994 Abbatis
679 1928 713 1993 et
727 1923 799 2016 ejus
813 1945 1043 1995 successorum
1062 1923 1281 2016 plenissimam

83 2029 248 2147 perpetuo
269 2051 396 2134 damus,
415 2049 626 2122 concedimus
646 2055 679 2120 et
697 2049 865 2120 offerimus
883 2041 1132 2144 potestatem),
1157 2073 1280 2121 secun-

85 2177 162 2248 dum
180 2177 272 2273 quod
291 2177 440 2259 diximus,
460 2183 494 2248 et
512 2178 553 2248 ab
571 2182 813 2270 prememorato
830 2175 1033 2271 Imperatore
1051 2176 1165 2248 Alexio
1184 2177 1280 2248 nobis
1327 2264 1335 2290 .

83 2305 217 2376 advenit
234 2328 296 2400 per
309 2307 380 2398 jam
399 2303 503 2374 dictas
521 2303 706 2397 imperiales
725 2302 881 2384 cartulas,
907 2309 944 2373 ut
962 2303 994 2372 in
1015 2303 1062 2372 eis
1080 2305 1279 2385 continetur,

3 2399 4 2444 ἶ
84 2439 118 2503 et
134 2431 319 2503 secumdum
343 2429 433 2524 quod
451 2429 493 2501 ad
510 2436 659 2502 nostrum
680 2405 738 2523 jus
757 2427 915 2500 hacteuus
934 2452 1125 2524 possessum
1143 2431 1216 2515 fuit,
1237 2453 1278 2502 eo

85 2559 198 2640 modo,
219 2563 256 2629 ut
273 2557 541 2652 predesignatum
554 2563 604 2628 est
616 2561 795 2639 transacta,
809 2556 842 2626 in
856 2563 964 2628 restra
977 2564 1167 2652 permaneat
1179 2565 1279 2653 pote-

85 2691 170 2756 state
179 2685 337 2768 habendi,
347 2684 493 2766 tenendi,
505 2683 687 2778 ergasteria
696 2683 921 2766 construendi,
933 2683 1115 2767 laborandi,
1126 2685 1278 2778 regendi,

3 2855 4 2884 3
86 2811 279 2884 meliorandi
305 2811 396 2882 etin
420 2816 614 2905 perpetuum
638 2809 844 2904 possidendi,
872 2811 1001 2880 minime
1019 2816 1128 2882 autem
1146 2812 1187 2882 ab
1206 2811 1278 2905 ipso

86 2940 289 3012 monasterio
315 2937 527 3010 subtrahendi
553 2938 604 3008 vel
620 2935 780 3008 alienandi
799 2937 831 3006 in
850 2935 911 3006 alia
929 2940 1041 3028 parte;
1071 2937 1131 3008 sed
1149 2937 1191 3008 ad
1211 2938 1279 3008 sal-

86 3067 248 3138 vationem
268 3070 303 3135 et
320 3065 488 3138 utilitatem
507 3063 655 3158 eJ’usdem
673 3062 862 3133 monasterii
883 3061 915 3131 in
933 3069 1128 3155 perpetuum
1146 3087 1279 3160 perma-

3 3207 5 3280 ξ
87 3192 197 3264 nendi.

3 3395 5 3428 f
176 3319 298 3391 Verum
324 3324 433 3390 tamen
457 3323 613 3390 statutmn
632 3321 684 3387 est
707 3317 791 3387 inter
809 3336 870 3385 nos
890 3321 924 3385 et
942 3337 1001 3386 ros
1019 3315 1279 3409 prenominatum

3 3449 4 3454 ’
89 3447 253 3518 dominum
261 3445 467 3518 Karimanum
478 3443 656 3526 Abbatem
676 3449 713 3514 ut
726 3445 797 3537 ipsa
811 3441 935 3525 schala,
955 3465 1018 3538 que
1033 3442 1152 3514 dicitur
1165 3444 1283 3516 scdulo

3 3619 5 3670 p
87 3578 208 3656 maior,
241 3597 338 3667 quam
370 3572 412 3642 ad
444 3577 592 3643 nostrum
624 3592 718 3641 usum
748 3569 961 3652 retinuimus,
994 3591 1125 3665 semper
1157 3569 1278 3642 habeat

3 3671 5 3792 l
87 3727 260 3778 ascensum
278 3708 313 3774 et
337 3701 531 3774 descensum
549 3700 619 3770 sine
638 3702 746 3770 vestra
774 3703 808 3768 et
835 3719 1066 3769 successorum
1093 3703 1279 3771 vestrorum

3 3801 4 3826 l
89 3831 361 3906 contradictione.

3 3935 5 3946 ,
175 3960 270 4033 Unde
288 3957 518 4053 promittentes
544 3953 779 4047 promittimus,
806 3959 842 4024 ut
860 3953 949 4049 nullo
969 3975 1109 4049 unquam
1127 3958 1278 4047 tempore

88 4094 201 4160 eontm
211 4091 401 4182 presentem
410 4082 585 4154 oblationis
600 4077 769 4164 cartulam,
785 4101 880 4174 quam
889 4103 995 4176 prono
1009 4080 1145 4152 lecimus
1155 4081 1276 4163 animo,

3 4335 5 4378 i
111 4377 137 4452 ¹)
157 4373 519 4446 Ursonisllongeorg‘ii
534 4373 612 4429 Gora.
734 4369 764 4445 ⁸)
783 4371 981 4444 plenissima
1015 4373 1209 4446 perpetua.
1235 4409 1243 4425 .
1268 4410 1275 4427 .

110 4469 137 4544 ¹)
156 4472 253 4526 lacuna
266 4468 345 4524 etism
359 4465 429 4539 apud
442 4464 521 4522 Corn.
780 4464 963 4536 potestate
977 4459 1055 4516 Cora.

112 4561 139 4634 ¹)
158 4579 191 4617 an
205 4559 333 4616 Steno?
