3120 5078
304 389 493 445 Purrrnnsrusr
507 389 609 444 Annxrr
623 387 656 442 ill
668 387 729 441 tur.
742 387 811 442 Vsu.
826 401 1006 442 concessure.
1166 375 1241 450 275

67 557 126 628 erit
153 579 291 651 magnus
319 560 517 653 logariusta3
551 567 585 632 et
612 559 652 631 ab
681 581 721 630 eo
749 557 867 629 debeat
894 557 975 628 mitti
1004 557 1046 628 ad
1073 559 1243 630 ecelesiam

65 683 295 756 veneticorum
309 710 369 781 per
382 709 533 781 magnum
548 689 768 780 interpretem,
787 685 836 756 rel
855 687 882 756 si
897 685 956 781 ipsi
973 707 1038 756 non
1053 687 1162 770 fuerit,
1183 709 1243 780 per

64 809 198 903 aliquem
210 813 301 883 curie
318 810 490 908 ali[or]um
505 815 727 908 interpretem,
744 819 777 883 et
786 837 846 907 per
855 836 952 883 unum
963 835 1088 897 eorum,
1100 814 1154 907 qui
1165 837 1244 884 can-

64 934 193 1010 cellarie
220 941 349 1035 scriptis
371 941 575 1024 deseruiunt,
606 948 662 1012 aut
680 965 741 1036 per
763 963 861 1012 noum
882 941 1117 1012 seoretieorum
1136 941 1244 1034 magni

65 1065 270 1160 lugariastm,
298 1070 325 1139 si
351 1068 425 1139 talis
453 1071 650 1164 gramaticus
675 1075 754 1141 tune
772 1093 907 1164 presens
927 1091 991 1140 non
1010 1071 1124 1151 fuerit;
1154 1076 1188 1140 et
1213 1069 1245 1138 in

67 1195 173 1265 medio
195 1197 296 1290 ipsius
316 1195 543 1269 veneticorum
571 1197 709 1269 ecclesie
737 1198 770 1268 in
796 1197 989 1269 audientiam
1016 1198 1121 1268 tocius
1140 1195 1245 1290 pleni·

66 1321 184 1392 tudinis
198 1321 429 1396 veneticorum
447 1329 526 1395 tunc
540 1325 571 1396 io
587 1325 867 1420 Constantinopoli
883 1327 1086 1398 existentium
1106 1325 1246 1396 debeant

66 1449 185 1532 iurare,
211 1451 298 1543 quod
322 1457 414 1522 reete
438 1459 473 1523 et
497 1453 581 1523 iuste
605 1460 638 1524 et
662 1454 731 1522 sine
761 1446 1006 1547 susceptione¹)
1031 1475 1244 1546 personarum

65 1576 114 1645 uel
142 1577 278 1647 alicuius
307 1577 382 1648 doni
412 1577 478 1648 dati
506 1579 558 1650 uel
586 1580 736 1672 promissi
764 1580 890 1664 iuditia,
921 1603 985 1674 que
1010 1581 1095 1650 inter
1118 1582 1245 1651 Grecos

65 1709 198 1774 actores
230 1709 263 1774 et
283 1703 454 1776 Venetioos
477 1729 554 1776 reos
574 1713 687 1791 erunt,
711 1707 848 1792 facient,
873 1731 935 1778 nee
960 1706 1089 1801 aliquod
1114 1707 1245 1778 adiuto-

67 1829 146 1900 rium
166 1829 331 1901 Veneticis
349 1833 509 1914 tribuent,
534 1833 593 1904 sed
618 1855 701 1927 equa
726 1833 819 1904 laneo
844 1835 1013 1928 utriusque
1033 1857 1162 1906 causam
1180 1840 1246 1904 tarn

66 1956 173 2040 Greci,
196 1981 292 2052 quam
311 1966 345 2030 et
362 1959 509 2031 Venetici
528 1959 713 2030 discernent
731 1967 765 2030 et
784 1961 984 2033 iudicabunt:
1005 1961 1162 2032 Venetieo
1181 1983 1241 2031 reo

65 2083 190 2154 donare
224 2085 364 2156 debente
392 2089 499 2158 Greco
536 2087 640 2158 actori
673 2087 852 2182 calumpnie
884 2095 1138 2172 sacramentum,
1172 2087 1243 2181 ipso

65 2210 221 2283 Venetico
243 2212 314 2283 solo
332 2213 438 2284 iurare
460 2213 600 2284 debente
617 2215 791 2286 decisionis
808 2237 905 2286 cause
922 2222 1170 2299 sacramentum,
1188 2215 1244 2300 ita,

64 2341 152 2434 qnod
186 2342 315 2436 integre
345 2342 517 2414 decisionis
544 2365 642 2414 cause
673 2351 909 2414 sacramentum
934 2343 1108 2415 Venetious
1136 2344 1244 2413 Greoo

7 2543 9 2572 ζ
63 2470 168 2561 possit
194 2471 340 2554 reterre,
369 2471 395 2539 si
420 2469 506 2554 uult,
535 2477 634 2564 prout
658 2477 692 2542 et
717 2471 763 2542 de
786 2471 850 2542 hoo
878 2471 1117 2566 prudentissimi
1145 2469 1244 2564 legati

7 2573 8 2576 Ἴ
63 2595 295 2666 Venetioorum
322 2619 426 2666 meum
452 2597 616 2688 deprecati
640 2604 716 2667 sunt
741 2598 923 2690 imperium.

7 2771 9 2812 3
152 2721 268 2793 Etbee
278 2721 417 2816 quidem,
427 2723 534 2793 Greco
545 2723 852 2796 contravenetioum
862 2729 995 2818 agente.
1006 2722 1246 2796 SiueroVene·

7 2813 9 2908 l
62 2848 145 2920 tiens
162 2854 279 2920 contra
293 2848 432 2918 Greoum
449 2849 567 2940 egerit,
587 2849 672 2942 apud
686 2857 764 2921 tunc
780 2851 1005 2921 cancellarium
1020 2851 1085 2935 uie,
1100 2851 1152 2921 uel
1169 2875 1210 2922 eo
1226 2873 1245 2921 a

63 2999 182 3070 magna
196 2976 278 3046 urbe
293 2975 440 3058 absente,
453 2975 538 3070 apud
552 2999 703 3070 magnum
717 2977 925 3072 lugariostam
941 2979 1117 3072 querellam
1132 2978 1249 3049 debeat

7 3167 9 3214 ἑ
62 3125 264 3198 proponere,
289 3107 323 3174 et
342 3102 465 3197 scripto
486 3103 613 3195 quidem
631 3103 695 3174 lide
714 3103 814 3198 digno
835 3103 994 3176 existente
1014 3105 1118 3176 actori
1137 3105 1247 3176 Vene-

7 3229 8 3262 r
62 3232 148 3314 tico,
175 3231 321 3322 quamuis
340 3253 358 3300 a
377 3229 485 3300 Greeo
505 3229 664 3300 tauulario
689 3237 746 3301 aut
769 3231 878 3302 iudice
896 3232 974 3313 ucli,
1000 3239 1033 3302 et
1052 3233 1248 3326 epituyppu-

1294 2761 1344 2834 V.

7 3365 9 3444 l
64 3357 186 3429 dromi.
214 3361 272 3426 aut
289 3379 308 3426 a
326 3356 496 3450 pontifice,
525 3357 577 3427 uel
605 3356 762 3428 Venetico
791 3355 951 3428 tabulario
980 3357 1031 3428 uel
1066 3359 1171 3429 iudice
1201 3362 1244 3430 sit

7 3449 8 3542 i
52 3486 292 3579 compositum,
313 3484 490 3556 secundum
503 3483 568 3556 boc
581 3485 690 3579 utique
706 3507 803 3556 causa
818 3485 997 3558 decidetur.
1018 3485 1151 3581 Scripto
1166 3511 1247 3557 uero

64 3613 167 3683 actori
196 3633 262 3682 non
288 3612 464 3693 existente,
491 3611 669 3682 secundum
694 3611 798 3705 ipsum
822 3613 871 3682 ius
896 3619 930 3682 et
952 3619 1046 3683 notor
1072 3611 1247 3684 Venetious

7 3751 9 3840 l
64 3739 270 3822 iudicabitur,
286 3743 320 3808 et
332 3737 505 3808 donabitur
519 3738 647 3831 quidem
663 3761 682 3807 e
701 3747 815 3809 contra
822 3733 854 3830 ²)
869 3739 909 3809 ab
924 3761 964 3810 eo
981 3739 1089 3811 Greeo
1104 3739 1250 3832 calump-

7 3851 9 3938 Ϊ
64 3869 114 3938 uie
145 3871 397 3938 sacramentum.
439 3865 606 3936 durabitur
636 3871 742 3936 autem
770 3872 804 3937 et
832 3867 969 3960 abipso
998 3870 1107 3939 Greeo
1143 3868 1248 3961 ipsum

7 3965 9 4048 l
65 3995 241 4067 decisionis
258 4017 357 4065 cause
379 4001 614 4066 sacramentum
630 3994 686 4076 ita,
698 3987 991 4087 quodlleuetico³)
1004 3998 1109 4091 possit
1122 3997 1248 4068 referre

7 4095 9 4154 l
66 4129 227 4194 econtra.
248 4123 291 4193 nt
303 4122 482 4194 secundum
497 4129 681 4216 presentem
695 4123 831 4194 sormam
846 4124 1008 4216 presentis
1027 4125 1140 4219 scripti
1154 4124 1248 4194 buius

88 4350 117 4424 ¹)
136 4348 458 4421 Legesuspectiona.
708 4348 938 4421 ⁸)Venetiaus
972 4351 1062 4417 codd..
1095 4352 1167 4424 quod
1197 4369 1248 4408 oon

86 4442 115 4517 2)
135 4443 182 4497 Sic
198 4439 391 4495 emendarimus
413 4441 549 4496 sententie
566 4458 628 4511 gra·
755 4441 873 4511 quadrat.

134 4534 180 4588 tia.
210 4533 238 4586 iu
256 4531 310 4584 bd.
329 4535 356 4586 et
375 4549 408 4586 cc
426 4532 458 4604 (i.
474 4549 497 4586 e.
513 4531 626 4604 causa)

134 4623 326 4696 scriptumest.
