3148 5080
461 383 686 440 Ssansrmosmr
699 401 860 440 raourssro.

151 549 225 645 Ego
243 553 364 624 Petrus
382 553 569 626 Solomone.

153 677 225 770 Ego
245 681 431 773 Gregorius
448 681 568 776 Magno
578 673 619 772 ¹).

152 803 226 898 Ego
246 805 437 878 Dominieus
455 805 580 880 Vitaiis.

154 933 228 1025 Ego
247 933 439 1004 Dominious
459 933 573 1005 Calbo.

155 1057 228 1151 Ego
248 1057 439 1130 Dominions
458 1059 593 1147 Quirino
601 1055 646 1153 ¹).

155 1182 229 1276 Ego
249 1185 438 1278 Stephanus
456 1177 650 1279 Peneani⁸).

157 1311 230 1403 Ego
250 1311 424 1382 Heinrieus
443 1311 600 1382 vitaliano
608 1305 652 1406 ⁴).

158 1436 231 1530 Ego
251 1437 398 1508 Marinus
417 1432 609 1532 Capillus⁵).

159 1565 232 1657 ago
253 1565 390 1634 Fusoari
409 1559 621 1658 (ianssoni‘).

160 1690 233 1782 Ego
253 1693 373 1762 Petrus
390 1689 542 1762 Venerio.

160 1815 234 1908 Ego
253 1816 367 1887 Viiaiis
385 1815 540 1888 Masaulo.

163 1943 234 2036 Ego
255 1943 406 2016 Andreas
425 1943 592 2039 Dapumo.

216 2071 291 2162 Ego
301 2069 462 2155 Andreas,
477 2071 641 2166 presbiter
656 2078 688 2143 et
702 2071 860 2154 notarius,
876 2071 1035 2166 compleri
1050 2076 1084 2142 et
1097 2068 1263 2141 roborari.

12 2305 13 2316 ,
621 2251 730 2324 xxvi.

12 2419 14 2490 p
84 2387 229 2454 tmntssto
247 2391 329 2456 iaots
345 2392 462 2456 daniae
478 2392 567 2457 vttsn
585 2395 679 2476 prino
697 2394 831 2458 dietselt
848 2393 920 2456 lissi
934 2393 1042 2456 isaei·
1059 2409 1078 2454 o
1094 2390 1267 2474 Spoletinis.

591 2515 621 2570 Α.
635 2515 661 2568 d.
676 2515 757 2572 1⁰97.

167 2621 242 2688 Cod.
260 2623 383 2707 diplom.
400 2621 560 2690 Tresissn.
585 2624 637 2690 tol.
658 2625 731 2692 117.
762 2625 835 2690 Rem
861 2627 1011 2706 attingere
1032 2623 1151 2690 ridetur
1175 2623 1269 2688 Dari-

87 2729 189 2795 dulus
209 2733 239 2796 in
258 2732 361 2796 chron.
381 2754 408 2816 p.
427 2735 503 2806 256,
521 2733 568 2798 ed.
588 2735 740 2805 Moretur..
765 2735 869 2799 hisee:
893 2755 975 2822 „quo
998 2733 1118 2819 (Vituli
1132 2731 1269 2798 Miodele

86 2839 186 2926 Duce)
212 2851 320 2907 creato
341 2842 445 2908 Veneti
466 2863 588 2908 manera
608 2851 801 2908 assumentes
821 2843 993 2908 subsidium
1010 2842 1045 2906 in
1059 2841 1270 2928 acquisitione

87 2957 306 3016 torrosarius
320 2952 447 3016 mittero
462 2953 679 3022 decreverunt.
704 2958 735 3016 st
746 2972 810 3036 per
830 2954 950 3036 epotos
965 2972 1049 3022 suos,
1073 2949 1272 3014 Boduarium

88 3055 126 3120 do
136 3056 270 3144 Spissis
285 3067 317 3124 st
330 3059 523 3126 Phaedram
536 3059 697 3132 Stornoto,
713 3060 915 3124 Dulmotinos
930 3066 965 3123 ut
981 3061 1147 3142 conferunt
1162 3055 1270 3144 repui-

13 3113 15 3266 d
88 3175 160 3232 ruso.
176 3167 232 3232 dlii
246 3173 352 3232 uadem
364 3167 442 3252 fidoi
456 3168 523 3231 eolo
540 3174 570 3232 st
584 3167 761 3254 promissos
772 3166 938 3253 fidelitatis
953 3166 1162 3232 ossentiuot“.

13 3279 15 3358 i

13 3359 15 3408 p
168 3314 239 3386 Nos
258 3315 415 3410 Spntatini
433 3316 576 3398 Priores,
596 3317 723 3388 seilicet
736 3316 855 3386 Senior
870 3323 903 3386 et
916 3317 1043 3397 iunior,
1064 3337 1137 3386 oum
1152 3319 1272 3385 cuncto

90 3441 213 3535 populo,
229 3443 406 3512 maioribus
422 3447 455 3513 et
468 3441 656 3526 minoribus,
672 3443 889 3537 promittimus
899 3441 992 3513 vobis
1004 3441 1134 3512 domino
1145 3447 1273 3522 nostro,

91 3563 173 3638 violi
203 3567 370 3652 Michaeli‚
404 3567 551 3662 glorioso
584 3567 667 3639 Duci
701 3569 846 3641 Venetia
879 3575 977 3664 atque
1005 3567 1172 3638 Dalmatiae
1205 3565 1274 3636 sive

14 3695 15 3782 ξ
93 3691 246 3764 Chroatiae
265 3703 299 3764 et
317 3694 473 3789 imperiali
497 3695 803 3779 Prothoserastori,
832 3702 886 3780 ut,
917 3718 989 3766 eum
1018 3695 1143 3766 venerit
1171 3692 1276 3764 stolus

93 3825 191 3888 uester
214 3821 400 3913 Spalatum,
427 3845 489 3892 nos
514 3845 701 3916 praeparare
725 3821 902 3892 debeamus
926 3844 1022 3892 unam
1051 3823 1196 3914 saginam
1224 3819 1276 3890 vel

14 3949 16 4006 ἒ
95 3941 165 4014 duas
193 3947 318 4038 galleas
346 3947 425 4018 alias
453 3947 495 4018 ad
523 3946 712 4018 veniendum
738 3948 926 4030 nobiseum3
962 3953 1088 4020 tantum
1111 3947 1277 4018 tamenin

14 4117 15 4122 =
94 4071 286 4161 providentia
314 4080 424 4144 uestra
453 4075 516 4158 sit,
549 4097 631 4168 quas
659 4073 783 4146 illarum
811 4073 980 4146 vobiscum
1009 4073 1132 4146 ducere
1160 4073 1275 4146 velitis.

14 4315 16 4370 p
119 4292 142 4366 ¹)
159 4297 247 4350 Gsno
262 4297 340 4350 Corn.

14 4371 16 4436 ἶ
118 4382 144 4455 ¹)
162 4388 266 4441 Guesa
284 4387 366 4442 Corn.

119 4470 144 4544 1)
162 4475 302 4532 Psotsni
316 4477 395 4532 Coro.

15 4591 16 4602 ³
119 4559 144 4635 ⁶)
162 4565 253 4621 tianr.
267 4561 417 4622 itudaeio
430 4566 508 4622 Coro.
