3130 5082
300 367 351 440 88
737 382 855 436 Pacruu
867 379 1040 435 Wanunuor.

385 551 500 621 Preter
511 573 658 645 essuper
669 543 860 644 cuiusque¹)
872 552 979 645 gentis
995 551 1177 642 burgenses
1186 549 1217 618 in
1228 549 1302 618 uico
1318 553 1352 617 ct
1366 545 1474 616 domi·

296 678 357 748 hus
382 677 580 749 Venetorum
605 677 787 750 habitantes
810 679 946 750 eandem
969 677 1126 748 iusticiam
1153 681 1186 746 et
1209 674 1475 757 consuetudines,

300 827 380 896 quas
399 829 457 875 rer
476 827 574 899 super
592 828 682 888 suos,
702 803 848 876 Venetici
865 804 1014 875 habeant.

383 931 530 1026 Denique
549 931 683 1002 duarum
701 931 876 1016 ciuitatum,
897 931 975 1024 Tyri
994 937 1027 1001 et
1040 930 1221 1014 Ascalonis,
1240 930 1375 1002 terciam
1393 953 1476 1024 par·

295 1065 361 1128 tem
379 1082 451 1130 cum
470 1060 536 1129 suis
555 1061 783 1152 pertinencijs,
809 1066 842 1130 ct
866 1061 994 1131 tertiam
1012 1067 1136 1154 partem
1154 1065 1314 1129 terrarum
1334 1057 1477 1127 omnium

296 1187 356 1256 sibi
376 1187 609 1280 pertinencium
628 1211 646 1256 a
666 1187 718 1257 die
736 1187 839 1258 sancti
861 1188 948 1258 Petri
971 1187 1161 1258 Sarracenis
1179 1185 1474 1263 tantumseruien-

294 1309 424 1408 tium²),
454 1339 516 1408 que
535 1338 600 1386 non
619 1317 744 1387 suntin
763 1317 959 1387 Francorum
982 1315 1143 1400 manibus,
1173 1314 1306 1386 alteram
1325 1335 1474 1407 quarum,

293 1441 359 1524 uel,
384 1442 411 1512 si
432 1441 494 1512 deo
515 1443 684 1516 auxiliante
702 1449 872 1536 utramque
889 1465 950 1538 per
969 1465 1082 1514 eorum
1100 1441 1248 1512 auxilium
1267 1448 1321 1511 aut
1340 1439 1474 1534 aliquod

292 1567 456 1660 ingenium
474 1569 506 1637 in
526 1569 782 1640 Christianorum
805 1575 1003 1664 potestatem
1022 1569 1161 1663 Spiritus
1184 1573 1316 1638 sanctus
1339 1567 1475 1638 tradere

293 1693 442 1778 uoluerit,
462 1695 557 1779 illam,
577 1697 716 1790 inquam,
735 1698 868 1768 terciam
888 1703 1023 1790 partem,
1043 1697 1127 1766 sicut
1146 1695 1265 1766 dictum
1284 1701 1346 1776 cst,
1366 1693 1472 1764 libere
1521 1672 1525 1680 ⁵

293 1827 327 1891 et
339 1821 506 1913 regaliter,
527 1823 610 1894 sicut
624 1847 681 1894 rex
694 1823 772 1894 alias
783 1817 911 1916 duasl),
926 1823 1070 1894 Venetici
1085 1821 1222 1894 habituri
1242 1823 1470 1916 inperpetuum

294 1949 363 2017 sine
389 1949 521 2020 alicuius
546 1950 811 2022 contradictionis
839 1950 1045 2044 impeditione
1073 1951 1142 2020 iure
1169 1949 1365 2020 hereditario
1388 1971 1472 2044 pos-

294 2074 431 2147 uideant.

381 2199 615 2274 Uniuersaliter
632 2204 732 2296 igitur
751 2203 954 2298 supradictas
969 2206 1202 2275 conuentiones
1220 2204 1324 2298 ipsum
1342 2225 1471 2296 regem,

292 2327 355 2398 dco
376 2329 563 2414 auxiliante,
592 2331 619 2402 si
638 2331 809 2427 aliquando
830 2355 1025 2426 egressurus
1045 2333 1086 2404 de
1104 2331 1292 2426 captiuitate
1311 2337 1379 2416 est,
1407 2344 1471 2402 nos

290 2454 507 2528 Warmundus
531 2458 711 2529 Jerusalem
740 2459 927 2530 Petriarctra
956 2462 1145 2531 confirmare
1177 2483 1237 2554 per
1265 2458 1473 2552 euangelium

288 2583 460 2668 iaciemus;
486 2586 513 2655 si
538 2609 619 2657 uero
645 2587 728 2658 alter
751 2587 794 2658 ad
816 2589 1112 2659 ierosolimitanum
1136 2609 1275 2681 regnum
1299 2587 1331 2657 in
1355 2609 1473 2679 regem

290 2712 531 2804 promouendus
557 2712 743 2795 edocuerit,
777 2720 831 2784 aut
855 2716 1004 2808 superius
1030 2715 1193 2784 ordinatas
1223 2715 1471 2808 promissiones,

291 2844 462 2933 antequem
480 2847 722 2934 promoueetru,
751 2843 836 2912 sicut
854 2849 930 2912 ante
949 2842 1069 2914 dictum
1088 2833 1192 2934 θεῖ’),
1217 2843 1320 2936 ipsum
1339 2843 1471 2912 firmare

288 2964 461 3048 faciemus3
492 2967 632 3060 alioquin
649 2968 753 3062 ipsum
766 2969 853 3039 nullo
868 2967 967 3040 modo
982 2969 1024 3040 ad
1042 2991 1179 3062 regnum
1198 2968 1332 3064 prouehi
1352 2990 1471 3039 assen-

289 3090 416 3162 tiemus.
445 3094 598 3164 Similiter
624 3095 755 3165 easdem
773 3103 806 3167 et
825 3096 938 3166 eodem
965 3097 1061 3168 modo
1087 3098 1346 3168 confirmationes
1365 3097 1470 3166 baro-

289 3239 364 3288 num
383 3243 593 3292 successores
614 3228 647 3292 et
665 3223 740 3294 noui
759 3224 858 3294 luturi
877 3223 1018 3295 barones
1037 3223 1167 3295 facient.

378 3348 427 3418 De
452 3371 551 3420 causa
574 3373 654 3420 uero
674 3349 894 3435 Antiocheno,
922 3374 1015 3444 quam
1030 3351 1124 3420 uobis
1142 3373 1257 3443 regem
1275 3349 1468 3420 Balduinum

290 3475 468 3546 secundum
491 3477 551 3548 sub
576 3477 688 3548 cadem
707 3478 946 3549 constitutionis
966 3477 1157 3573 depactione
1176 3477 1363 3572 promisisse
1382 3477 1468 3548 hene

289 3601 425 3687 scimus,
453 3604 485 3673 in
503 3602 706 3676 Antiocheno
731 3605 912 3700 principatu
937 3629 974 3676 se
998 3606 1093 3676 uobis
1117 3604 1279 3676 Venetieis
1304 3605 1467 3688 daturum,

287 3728 438 3802 uidelicet
462 3731 509 3800 sic
536 3730 567 3800 in
586 3730 774 3816 Antiochia,
804 3733 889 3803 sicut
906 3735 938 3803 in
959 3735 1078 3804 ceteris
1096 3733 1186 3826 regis
1205 3732 1409 3813 ciuitatibus,
1439 3733 1468 3802 si

287 3857 415 3951 quidem
429 3857 622 3930 Antiocheni
640 3860 763 3953 regalia
781 3861 1028 3954 promissionum
1046 3861 1160 3932 ledere
1178 3861 1273 3932 uobis
1292 3859 1467 3932 attendere

288 3985 467 4057 noluerint:

926 4392 955 4467 ⁴)
973 4395 1058 4450 lrunc
1081 4397 1299 4452 antedictum
1320 4402 1467 4456 contra-

973 4491 1057 4542 ctum
1071 4487 1129 4560 ips.
1143 4493 1195 4544 etc.
1210 4491 1260 4544 tl.
1392 4536 1395 4544 .
