3130 5078
269 270 346 344 552
467 281 588 336 Tsounn
602 281 768 336 Mnunscsru
782 280 983 334 Psrsrsscunn
998 278 1044 332 Cr.
1058 291 1245 331 necnsnsrro.
1287 308 1290 316 ·

355 452 529 548 Dignitatis
542 457 677 522 nostrae
692 450 832 522 officium
848 450 1004 522 decenter
1018 447 1092 540 [et]
1107 447 1229 518 utiliter
1239 453 1319 516 tunc
1334 443 1450 536 exequi

268 579 529 673 comprobamus,
555 583 589 650 ci
607 587 640 650 et
658 579 737 672 ipsis
756 578 903 649 ecclesiis
919 575 994 668 jura
1014 598 1072 647 sua
1094 573 1214 646 illibata
1239 595 1392 644 curamus
1416 575 1450 638 et

267 707 397 800 integra
422 728 663 776 conservamus.
692 704 787 775 Sicut
812 703 895 774 enim
921 702 998 774 nulli
1025 701 1128 785 ultra,
1156 723 1251 795 quam
1272 703 1449 780 mereatur,

265 833 385 928 aliquid
403 857 421 904 a
440 832 534 903 nobis
554 837 606 902 est
623 833 736 902 favore
755 832 863 924 gratie
882 830 1144 912 concedendum,
1169 830 1215 899 ita
1233 825 1370 906 nemini,
1396 829 1449 918 qui

266 959 315 1030 sui
330 958 414 1050 juris
434 980 508 1028 esse
529 958 722 1039 dinoscitur,
741 980 759 1027 a
779 955 872 1028 nobis
892 963 943 1027 est
961 957 1123 1028 ullatenus
1142 954 1380 1047 denegandum.

356 1084 459 1178 Igitur
479 1105 540 1153 nos
558 1082 700 1154 Thomas
720 1081 948 1166 Maurocenus‚
968 1083 1072 1155 diuina
1090 1082 1220 1153 fauente
1238 1080 1346 1174 gratia
1361 1079 1450 1150 Con-

266 1210 572 1305 stantinopolitanus
599 1209 804 1297 Patriarche‚
839 1211 911 1304 (pria
940 1210 1144 1282 manifestum
1172 1215 1206 1279 et
1233 1208 1450 1278 certissimum

266 1338 360 1408 nobis
379 1345 441 1418 est,
461 1337 547 1430 quod
566 1335 765 1407 Venetorum
784 1337 944 1420 Ecclesie,
965 1343 1110 1432 quotam
1130 1335 1162 1406 in
1181 1334 1263 1405 urbe
1283 1309 1449 1404 Constan-

266 1463 578 1558 tinopolitanasunt,
599 1487 692 1557 quam
712 1464 743 1534 in
762 1463 832 1534 aliis
852 1465 977 1558 lmpeuii
998 1464 1143 1558 partibus
1162 1462 1352 1544 constitute,
1374 1461 1449 1531 urnii

265 1589 529 1662 Patriarcharum
556 1593 737 1662 Grecorum
764 1590 857 1661 fuere
885 1591 991 1685 aliqua
1020 1613 1156 1686 unquam
1186 1589 1449 1662 contradictione

266 1715 428 1808 subjecte,
455 1717 565 1787 sedin
584 1715 744 1800 omnibus,
770 1717 802 1786 in
820 1717 1039 1810 spiritualibus
1059 1727 1093 1788 et
1110 1715 1358 1810 temporalibus,
1378 1717 1448 1785 sinc

266 1845 437 1914 exactione
463 1843 568 1938 aliqua
594 1867 667 1914 cum
692 1845 841 1915 omnibus
865 1845 1067 1938 pertinentiis
1092 1844 1280 1915 suislibcrc
1299 1841 1451 1912 —licet

265 1970 413 2041 dominus
432 1970 519 2062 Papa
540 1971 747 2042 Innocentius
767 1969 971 2042 concesserit
989 1971 1083 2042 nobis
1103 1972 1133 2041 in
1153 1972 1281 2042 cunctis
1294 1969 1450 2040 Romanis

265 2095 421 2168 Ecclesiis
440 2096 567 2190 plenem
593 2105 628 2166 et
652 2097 815 2190 integram
836 2097 1097 2188 jurisdictionem
1123 2089 1245 2168 babere
1265 2137 1316 2148 -
1335 2097 1367 2165 in
1386 2095 1450 2166 boc

264 2223 386 2317 siquid
408 2223 493 2315 juris
518 2223 673 2295 habemus
693 2224 743 2322 rel
762 2226 895 2296 racione
914 2225 1092 2319 privilegii,
1119 2224 1169 2295 rel
1188 2223 1414 2295 concessionis
1432 2246 1450 2293 a

265 2350 353 2421 dicto
370 2350 500 2420 domino
520 2373 646 2421 summo
666 2349 822 2422 Pontifice
836 2350 931 2422 nobis
945 2351 1045 2434 facte,
1066 2357 1122 2421 out
1137 2350 1234 2420 modo
1249 2349 1357 2442 aliquo
1373 2349 1448 2433 alio,

265 2477 326 2568 ipsi
334 2476 400 2568 juri
416 2485 543 2560 nostro,
558 2483 746 2548 nostrorum
757 2480 988 2549 canonicorum
997 2500 1171 2558 consensu,
1182 2501 1317 2569 prorsus
1327 2500 1450 2547 renun-

264 2606 402 2687 ciamus,
430 2612 466 2673 ut
489 2603 640 2674 Ecclesie
666 2605 754 2698 ipse,
781 2627 840 2676 sua
861 2604 994 2697 justicia
1019 2627 1084 2675 non
1107 2605 1248 2698 private,
1273 2603 1370 2696 plene
1390 2625 1449 2674 suo

260 2730 337 2823 jure
357 2735 554 2812 utantur‚‚et
571 2732 642 2802 sinc
660 2731 765 2825 aliqua
785 2731 845 2802 alia
865 2733 1035 2802 exactione
1054 2732 1120 2802 sint
1138 2731 1241 2802 libere
1258 2731 1345 2802 stab
1365 2731 1450 2801 omui

265 2862 378 2927 nostra
398 2864 432 2927 et
451 2879 679 2928 successorum
700 2863 887 2929 nostrorum
902 2857 1132 2950 jurisdictione
1152 2865 1311 2950 exempte.

354 2982 422 3054 Hec
442 2989 561 3067 autem,
582 3006 645 3077 que
664 2985 873 3054 continentur
892 2985 1054 3077 superius,
1082 2985 1314 3056 canonicorum
1335 2989 1448 3054 nostro

266 3133 430 3181 consensu
444 3133 517 3181 cum
532 3111 654 3181 nostris
669 3111 917 3182 successoribus
936 3134 997 3182 nos
1018 3112 1234 3206 promittimus
1248 3118 1448 3182 servaturos.

265 3238 308 3308 nt
336 3235 363 3306 si
391 3235 424 3305 in
454 3237 562 3332 aliquo
591 3244 706 3310 contra
730 3240 994 3333 temptaverimus
1013 3239 1219 3318 veniendum,
1248 3237 1341 3307 robis
1361 3237 1447 3308 dom.

264 3363 444 3434 Benedicto
456 3363 600 3448 Feretro,
616 3365 776 3436 Grodcnsi
794 3389 855 3458 per
866 3365 925 3436 Dei
941 3365 1080 3460 gratiam
1094 3365 1294 3448 Patriarche‚
1309 3363 1447 3494 restris-

265 3511 328 3582 que
348 3491 595 3561 successoribus
615 3497 649 3562 et
668 3492 816 3563 omnibus
835 3493 997 3586 episcopis
1016 3493 1145 3574 uestris,
1172 3491 1342 3562 abbatibus
1370 3490 1447 3561 alia·

265 3639 400 3708 rumque
418 3615 640 3688 Ecclesiarum
660 3617 812 3712 prelatis,
841 3619 892 3713 qui
912 3619 1079 3689 Ecclesiae
1106 3619 1225 3690 babent
1249 3618 1281 3689 in
1306 3619 1445 3711 Imperio

265 3744 467 3837 supradicto,
488 3767 665 3840 eorumque
680 3745 939 3828 successoribus,
955 3747 1139 3840 unicuique,
1155 3747 1205 3816 cui
1221 3768 1286 3816 non
1301 3751 1448 3816 servatur

266 3869 437 3964 promissio
476 3871 681 3964 supradicta,
724 3895 797 3942 cum
835 3873 955 3944 nostris
993 3871 1241 3944 successoribus
1273 3871 1446 3942 debeamus

265 4019 351 4088 pcnc
377 3997 508 4066 nomine
537 3999 710 4070 emendare
735 4021 861 4068 marcas
887 3999 958 4091 puri
985 3999 1113 4093 argenti
1133 4005 1277 4080 centum;
1307 4005 1342 4068 ct
1365 4021 1445 4091 pena

267 4122 391 4207 soluta,
411 4147 473 4218 que
492 4123 678 4217 supradicta
697 4131 789 4208 sunt,
815 4125 905 4195 firma
925 4149 1054 4219 semper
1072 4127 1104 4196 in
1123 4132 1314 4220 perpetuum
1335 4148 1447 4218 perse-

267 4255 393 4320 renent.

356 4375 430 4469 Ego
451 4376 594 4448 Thomas
614 4380 847 4462 Maurocenus‚
874 4379 934 4449 Dei
954 4381 1061 4472 gratis
1080 4387 1193 4450 sancte
1212 4379 1445 4448 Constantino·

267 4501 410 4596 politane
429 4504 577 4575 Ecclesie
596 4505 783 4578 Patriarcba
803 4529 843 4578 m.
866 4530 907 4577 m.
928 4531 974 4580 ss.
1338 4515 1342 4522 '
