3110 5076
278 333 352 405 174
552 345 744 401 Pasvrnaorunr
757 345 912 399 Wrnnnnau
925 344 947 398 ll
961 359 1044 398 snare
1058 341 1198 396 Srornran.

274 513 370 585 Anno
391 515 553 587 dominice
578 517 813 594 incarnationis
833 515 1003 586 millesimo
1023 513 1203 586 centesimo
1223 508 1473 603 septuagesimo

274 641 399 734 quinto,
419 665 531 714 mense
550 643 766 738 Septembris,
792 643 969 714 indictione
988 665 1088 725 nona,
1113 639 1211 734 regni
1234 659 1316 707 reru
1341 635 1475 706 Domini

200 846 204 854 ,
273 771 378 839 nostri
407 762 609 862 Wiliclmi¹),
638 771 691 840 dei
720 773 827 864 gratia
856 769 1020 862 magnifici
1048 775 1083 840 11
1116 764 1344 860 gloriosissimi
1380 764 1474 855 regis

271 895 399 975 Sicilie,
434 895 594 967 ducbatus
621 895 738 990 Apulia
772 905 807 969 et
833 898 1034 992 principatus
1063 895 1193 989 Capue,
1224 915 1308 962 anno
1340 890 1472 962 decimo

271 1021 424 1093 feliciter.
453 1022 569 1094 Amen.

815 1167 926 1238 val.

401 1291 590 1372 lrlrlleglan
606 1291 746 1356 lllllelnl
762 1292 790 1355 ll
806 1293 887 1372 rogis
904 1290 1012 1355 Slollle
1028 1289 1145 1354 1111111
1162 1303 1344 1352 concessu.

684 1415 715 1468 A.
729 1413 754 1469 d.
768 1415 850 1479 ll'llt,
862 1433 895 1470 nr.
910 1414 1068 1486 Septembri.

363 1523 458 1588 Liber
473 1522 603 1588 blancus
620 1523 670 1588 sol.
685 1525 751 1590 268
763 1525 820 1588 hae
837 1526 1047 1610 inscriptione:
1072 1523 1149 1588 Item
1159 1521 1251 1586 aliud
1260 1521 1472 1608 prioilcpium

271 1633 351 1698 dicti
364 1633 449 1720 repis
464 1641 606 1721 tempore
616 1631 737 1698 domiui
747 1633 928 1700 Sebastioni
940 1633 1035 1698 Zioni
1046 1633 1145 1698 Ducis
1161 1630 1368 1700 Venetici-um,
1385 1629 1470 1694 lirni-

272 1748 360 1814 tcns,
383 1763 442 1828 pue
462 1742 568 1807 Veneti
582 1743 705 1806 solvere
719 1742 833 1808 dedmt
847 1763 909 1830 pro
925 1743 1080 1808 cumerclo
1096 1741 1136 1806 de
1151 1739 1289 1827 ηαυὶρίἰε
1306 1745 1337 1802 et
1351 1738 1469 1803 merci·

273 1851 329 1914 due
345 1871 452 1915 eonem
467 1851 502 1915 in
517 1870 616 1937 repno
631 1872 697 1915 arco.

363 1955 448 2021 Libri
464 1955 582 2022 Pactor.
600 1957 635 2020 Τ.
653 1958 687 2031 ll,
704 1957 754 2022 lol.
774 1959 849 2023 180.

360 2089 396 2160 ln
410 2091 541 2160 nomine
555 2089 615 2161 Dei
631 2091 738 2161 eterni
753 2097 787 2161 et
802 2091 973 2161 salvatoris
989 2091 1093 2160 nostri
1103 2091 1183 2162 lesu
1194 2065 1327 2158 Cliristi.
1348 2087 1467 2158 Arnen.

360 2215 562 2302 Willelmus,
591 2217 695 2288 divina
722 2218 852 2288 favente
878 2217 1051 2290 clementia
1084 2240 1142 2286 rex
1169 2214 1298 2299 Sicilie,
1328 2215 1469 2286 ducatus

270 2343 388 2438 Apulie
408 2351 442 2414 et
459 2344 662 2439 principatus
682 2343 806 2439 Cepue.

359 2471 516 2542 Precibus
537 2477 570 2541 et
589 2493 701 2542 arnone
720 2472 903 2543 sebastiani
924 2472 1024 2555 Ziani,
1046 2473 1174 2568 egregii
1194 2471 1294 2543 Ducis
1314 2467 1466 2548 venetie,

270 2595 381 2666 dilecti
401 2597 494 2666 amici
521 2598 644 2681 nostri,
675 2603 709 2668 et
727 2597 977 2682 veneticorum,
1007 2600 1232 2681 concedimus,
1260 2603 1297 2668 ut
1314 2595 1466 2666 Venetici

271 2724 438 2794 venientes
459 2725 491 2794 in
511 2746 649 2816 regnum
672 2731 841 2809 nostrum,
868 2725 909 2796 dc
935 2725 1069 2797 navibus
1096 2733 1130 2797 et
1155 2723 1318 2796 mercibus
1338 2746 1467 2805 eorum,

271 2874 351 2942 quas
371 2851 402 2920 in
422 2874 560 2944 regnum
580 2849 765 2933 attulerint,
791 2851 841 2922 vel
862 2875 1004 2945 arogno
1025 2851 1285 2947 reportaverint,
1306 2850 1347 2920 de
1363 2849 1467 2941 justi-

272 2977 341 3059 tiis,
370 3000 450 3070 quas
478 2978 681 3071 temporibus
707 2977 827 3048 domini
855 2979 1082 3072 gloriosissimi
1112 2981 1201 3073 regis
1230 2975 1386 3070 Rogerii,
1418 2975 1468 3045 ari

272 3105 388 3183 nostri,
408 3109 442 3174 et
462 3103 582 3174 domini
601 3104 919 3198 magnificentissimi,
940 3105 1030 3197 regis
1049 3103 1212 3186 Willelmi,
1238 3105 1341 3199 patris
1362 3103 1468 3174 nostri

269 3229 367 3301 beate
387 3231 554 3314 memorie,
576 3230 655 3301 dare
674 3230 760 3301 soliti
779 3231 855 3313 sint,
876 3231 994 3301 amodo
1014 3231 1142 3301 nonnisi
1161 3231 1371 3301 medietatem
1389 3236 1468 3299 tan-

272 3364 340 3426 turn
356 3347 473 3449 dent²)
490 3357 531 3427 de
545 3356 623 3440 boc,
644 3357 733 3449 quod
747 3357 905 3427 hactenus
921 3339 1102 3428 dare'soliti
1118 3365 1205 3428 sunt.
1226 3359 1261 3427 ln
1277 3348 1469 3447 Messana')

272 3505 350 3553 vero
376 3491 409 3554 et
435 3485 595 3555 Panormo
617 3489 650 3553 et
669 3482 737 3552 aliis
756 3484 853 3554 terris
873 3481 983 3553 Sicilie
1002 3483 1081 3554 dcnt
1099 3483 1307 3554 medietatem
1327 3482 1370 3553 de
1387 3481 1467 3567 boc,

272 3609 359 3702 quod
380 3607 539 3680 hactenus
559 3609 637 3680 dare
658 3608 745 3680 soliti
765 3609 891 3679 suntin
911 3611 1081 3690 Messena3
1112 3617 1146 3680 et
1164 3610 1247 3694 boc,
1273 3609 1381 3681 donec
1405 3632 1469 3702 pax

271 3743 304 3806 et
323 3737 462 3808 amicitia
480 3738 566 3808 inter
584 3761 646 3806 nos
666 3743 700 3807 11
718 3735 807 3829 ipsos
826 3735 935 3806 luerit.

360 3863 413 3933 Ad
446 3864 540 3934 huius
573 3870 681 3934 autern
714 3863 939 3934 concessionis
971 3870 1085 3934 nostre
1112 3864 1300 3936 memoriam
1328 3887 1469 3958 presens

270 3989 426 4082 scriptum
444 4013 506 4083 per
524 4013 639 4061 manus
658 3987 845 4073 Alexandri,
865 3991 985 4060 notarii
1003 3991 1118 4074 nostri,
1138 3991 1237 4060 scribi
1257 3989 1409 4075 fecimus,
1435 3997 1469 4062 et

269 4115 356 4186 bulla
375 4116 526 4209 plumbea
540 4123 656 4188 nostro
674 4117 793 4209 tipario
813 4117 971 4210 impressa
987 4118 1145 4210 jussimus
1165 4117 1328 4188 roborari.
1359 4119 1468 4202 Anno,

270 4267 381 4313 mense
402 4249 435 4312 et
453 4241 629 4313 indictione
649 4243 853 4336 subscriptis.

296 4451 325 4523 ¹)
345 4451 441 4520 regni
462 4425 573 4506 nostri
593 4453 619 4505 d.
633 4451 673 4505 W.
694 4451 743 4506 LB.
919 4451 948 4524 ³)
968 4453 1123 4508 ldensana
1142 4454 1191 4507 [Β.

295 4539 324 4617 ²)
344 4541 427 4596 dent
439 4541 526 4596 omiss.
540 4541 565 4595 in
578 4541 629 4595 Lu.
