3130 5082
294 327 367 396 126
486 337 634 392 Srrrunur
648 336 775 392 Currum
789 353 927 393 ranorum
940 355 1096 395 ruamnuu
1111 357 1140 394 m
1155 341 1278 396 Aureo.

377 507 442 578 Pro
475 507 592 599 majori
624 513 732 578 autem
760 507 911 579 firmitate
941 511 1036 602 posui
1065 534 1174 582 rerum
1203 512 1321 582 fiducie
1350 516 1385 582 et
1413 510 1486 580 loce

284 633 444 728 pignoris,
466 633 530 704 boc
549 639 600 704 est
619 639 737 704 cuncta
757 641 790 704 et
809 658 908 727 super
922 642 993 706 tota
1014 637 1068 706 ilia
1092 661 1163 707 mea
1178 645 1280 720 terra,
1302 618 1401 729 duam
1418 657 1484 726 ego

287 761 450 853 quondam
469 767 619 853 tempore
638 761 821 852 comparavi
836 763 868 830 io
883 763 1029 832 Larmiro
1046 761 1086 833 de
1102 761 1218 833 Nicola
1233 761 1353 843 Pillari,
1374 765 1487 833 Greco

286 885 471 957 habitatore
490 887 522 956 iu
542 885 659 956 eodem
677 883 825 966 Armirc,
853 909 915 978 per
934 887 1092 958 cartulam
1112 887 1219 959 Greee
1240 887 1421 981 scriptam,
1451 893 1488 956 ut

286 1013 318 1083 iu
334 1037 371 1083 ea
387 1013 522 1105 legitur,
543 1019 662 1083 etcum
678 1013 827 1082 omnbus
843 1014 911 1082 suis
931 1017 1154 1085 mansionibus
1172 1023 1207 1084 et
1227 1016 1377 1096 edificiis,
1401 1037 1488 1106 quae

286 1162 351 1232 ego
367 1162 467 1234 super
482 1138 619 1208 eandem
637 1147 762 1208 terram
779 1136 850 1206 fieri
870 1137 946 1222 feci,
968 1147 1001 1209 et
1016 1164 1089 1210 eum
1104 1141 1254 1211 omuibus
1269 1141 1338 1210 suis
1353 1139 1490 1210 baben-⁴

284 1267 337 1336 tiis
358 1274 391 1336 ct
410 1263 616 1360 pertinentiis
635 1265 722 1334 iuius
742 1263 893 1348 otieris,
920 1289 1050 1336 sursum
1070 1275 1104 1336 et
1124 1267 1296 1352 deorsum,
1324 1291 1390 1359 que
1420 1273 1489 1336 tam

284 1393 400 1463 subtus
419 1401 553 1474 terram,
574 1413 669 1483 quam
689 1414 787 1484 supra
807 1399 930 1462 terram
948 1393 992 1462 ibi
1007 1393 1125 1464 adesse
1138 1400 1338 1476 noscuntur,
1358 1415 1489 1464 secun·

286 1520 361 1590 dum
377 1519 465 1611 quod
485 1517 528 1586 ibi
549 1517 580 1585 io
595 1515 744 1586 barmiro
762 1517 871 1609 posita
892 1525 961 1599 cst3
982 1541 1047 1589 uno
1067 1543 1129 1589 suo
1150 1521 1258 1614 capite
1278 1521 1435 1590 firmante
1456 1519 1489 1587 in

284 1671 391 1729 mare,
416 1644 479 1716 alio
509 1668 570 1714 suo
591 1643 699 1736 capite
718 1644 868 1714 firmante
887 1645 919 1712 in
939 1652 1030 1715 terra
1048 1671 1076 1716 s.
1098 1645 1235 1738 Georgii
1256 1646 1297 1715 de
1316 1645 1489 1727 Larmiro,

282 1797 349 1843 uno
369 1796 428 1842 suo
448 1773 551 1842 latere
570 1771 719 1840 firmante
739 1769 770 1838 in
791 1769 874 1839 calle
892 1769 1041 1860 ejusdcm
1061 1796 1088 1842 s.
1110 1771 1259 1864 Georgii,
1281 1773 1400 1843 etalio
1423 1795 1489 1841 suo

281 1899 385 1970 latere
404 1899 552 1968 firmante
571 1897 602 1964 iu
622 1903 724 1979 terra,
745 1920 808 1988 quc
827 1895 889 1966 iuit
908 1897 1062 1967 Bonifatii
1081 1897 1209 1969 Betaoi.

373 2027 465 2095 Hanc
489 2023 585 2093 talem
614 2027 717 2092 totam
744 2046 848 2092 meam
873 2025 1126 2116 suprascriptam
1150 2031 1273 2094 terram
1293 2048 1368 2096 cum
1389 2026 1484 2095 omui

282 2177 340 2224 sua
365 2150 571 2243 longitudine
595 2153 628 2219 et
651 2147 838 2232 latitudine,
867 2174 942 2219 curu
966 2151 1126 2244 capitibus
1152 2157 1187 2220 et
1212 2151 1371 2221 lateribus
1398 2153 1488 2234 suis,

284 2302 357 2349 cum
377 2277 526 2348 omuibus
546 2276 614 2346 suis
633 2275 855 2344 mansionibus
875 2281 908 2345 ct
928 2275 1081 2360 edificiis,
1109 2301 1173 2368 que
1193 2299 1258 2369 ego
1279 2301 1381 2368 super
1401 2301 1489 2346 eau-

283 2405 356 2475 dem
382 2411 504 2474 terram
529 2401 600 2470 sreri
625 2401 708 2483 feci,
735 2409 861 2471 etcum
881 2403 1118 2472 omnibussuis
1138 2401 1300 2474 babentiis
1320 2410 1355 2472 et
1374 2404 1489 2496 perti-

282 2533 414 2613 uentiis,
443 2531 530 2600 intus
550 2535 584 2598 et
609 2528 702 2610 foris,
730 2511 860 2597 sursum
879 2535 912 2598 et
932 2529 1099 2612 deorsum,
1127 2553 1191 2623 quc
1210 2537 1277 2600 tam
1296 2531 1357 2602 sub
1378 2537 1490 2613 terra,

284 2683 379 2751 quam
398 2681 497 2750 supra
516 2662 607 2726 terra
627 2655 669 2724 ibi
690 2653 806 2724 adesse
827 2661 1019 2740 noscuntur,
1038 2655 1095 2726 tibi
1111 2655 1225 2748 obligo
1242 2667 1277 2726 et
1290 2657 1322 2726 iu
1337 2659 1489 2750 pignore

197 2790 199 2797 '
282 2809 370 2879 pono
391 2808 451 2878 pro
471 2785 543 2876 ipso
564 2787 621 2851 tuo
642 2781 868 2874 suprascripto
882 2783 988 2874 pretio
1002 2807 1064 2874 pro
1080 2783 1187 2876 capite
1203 2789 1237 2853 et
1252 2782 1352 2876 duplo
1371 2785 1486 2854 omnia

281 2913 314 2980 in
335 2911 467 3004 duplum
487 2909 626 2991 valente,
647 2913 682 2977 ut
701 2908 729 2976 si
748 2907 877 2977 minime
895 2907 1021 2990 secero,
1041 2907 1168 2978 scilicet
1187 2907 1215 2976 si
1234 2915 1269 2978 tc
1288 2909 1330 2978 ad
1349 2910 1487 2980 cousti-

280 3044 385 3108 tutum
403 3035 576 3106 termiuum
595 3057 661 3104 non
681 3033 905 3104 deliberavero
926 3057 966 3103 eo
988 3033 1115 3115 ordine,
1136 3059 1202 3126 quo
1222 3059 1323 3127 supra
1342 3035 1487 3128 legitur,

281 3169 359 3233 tunc
385 3182 547 3256 perperos
575 3160 607 3230 in
637 3159 769 3252 duplum
798 3166 832 3228 et
858 3159 963 3252 prode
992 3159 1033 3229 de
1061 3159 1133 3252 ipso
1161 3165 1220 3229 tuo
1250 3162 1487 3254 suprascripto

280 3287 405 3382 precib,
425 3287 547 3358 tribuat
564 3285 622 3356 tibi
641 3291 809 3378 potestas,
835 3285 996 3356 accedere
1016 3291 1049 3355 et
1074 3285 1243 3355 dominare
1261 3287 1369 3378 ipsum
1388 3294 1488 3358 tuum

280 3415 413 3509 pignus,
436 3419 590 3506 tauquam
607 3435 668 3504 per
688 3411 866 3503 legitimum
886 3411 1130 3494 documentum,
1159 3411 1248 3483 nullo
1269 3413 1326 3483 tibi
1347 3411 1488 3485 homine

280 3542 537 3613 contradicente.

370 3665 546 3738 Sciendum
566 3669 616 3733 est
635 3663 731 3746 euim,
752 3663 840 3754 quod
859 3685 924 3755 ego
945 3663 1095 3733 omnibus
1115 3663 1230 3734 diebus
1248 3663 1313 3734 vite
1328 3688 1403 3734 mee
1418 3689 1487 3760 per

280 3817 332 3863 mc
351 3800 385 3863 ct
403 3815 463 3885 por
481 3813 587 3859 mcum
611 3788 743 3860 missum
767 3787 946 3859 secuudum
965 3812 1069 3858 meam
1088 3791 1256 3883 propriam
1274 3790 1487 3861 voluntatem

279 3925 368 3990 stare
402 3923 436 3988 et
467 3915 615 3986 babitare
649 3915 773 3998 debeo,
813 3921 846 3985 ct
873 3939 946 3986 mea
979 3916 1117 3986 servicia
1149 3917 1264 3986 facere
1296 3915 1417 3986 diebus
1451 3926 1489 3988 et

279 4045 431 4116 noctibus
450 4043 483 4112 in
505 4041 566 4110 iilis
587 4039 715 4110 duobus
734 4039 880 4109 cuuuelis
907 4047 940 4110 et
965 4039 1091 4112 duabus
1111 4041 1190 4111 salis
1209 4065 1284 4112 cum
1304 4043 1374 4111 suis
1396 4043 1487 4114 elia-

279 4195 343 4242 cou
363 4169 404 4239 de
422 4165 601 4262 praedictis
620 4163 854 4247 mansionibus,
882 4165 964 4234 etin
985 4165 1036 4236 illa
1056 4189 1190 4249 caneva,
1211 4191 1276 4259 que
1294 4168 1407 4260 posita
1430 4177 1489 4240 cst

274 4298 368 4390 juxta
387 4320 414 4365 s.
436 4291 628 4384 Georgium,
648 4290 772 4381 absque
792 4291 877 4359 omni
897 4285 1157 4362 contradictione
1176 4291 1291 4385 precii.

369 4420 421 4491 bd
436 4419 558 4488 obitum
572 4438 712 4507 namque
727 4438 833 4486 meum
848 4415 971 4486 debent
984 4416 1047 4486 bec
1062 4419 1171 4487 omnia
1189 4439 1363 4488 remanere
1382 4419 1417 4488 iu
1433 4428 1486 4506 te,

279 4546 403 4639 absque
422 4543 508 4616 omui
524 4541 737 4612 altercatione
750 4545 783 4610 et
798 4539 1072 4626 contradictione,
1090 4548 1124 4611 et
1133 4543 1198 4612 tuis
1209 4543 1487 4617 successoribus.
