3130 5082
295 339 370 412 130
545 353 832 410 Srnrnnurcnrnenr
845 369 982 408 rurorrro
995 370 1169 410 eurononoss
1181 351 1228 408 Cr.

455 522 530 616 Ego
546 523 701 595 Girlando
718 523 883 606 Cornello,
903 525 1020 596 Presb.
1041 531 1076 596 et
1094 524 1186 595 Pleb.
1202 523 1294 594 Eccl.
1309 523 1347 593 S.
1356 519 1481 592 Martini

290 648 569 741 minorisClugiae
580 656 614 719 et
624 649 794 734 Not.‚boc
804 651 984 744 exemplum
996 650 1171 743 exemplari
1181 648 1482 720 inmenseJanuarii
1560 629 1562 730 l

291 781 326 844 et
344 775 522 846 indictione
547 777 785 867 quintadecima
811 783 846 847 et
865 799 951 848 anno
972 777 1093 848 domini
1113 775 1283 846 millesimo
1303 777 1481 846 centesimo
1560 775 1562 866 ξ

291 897 1481 995 quinquagesimoprimo‚necampliarinecminuicomplerietroborari.
1560 935 1562 1006 ι

847 1083 930 1154 LIV.

291 1219 457 1304 Stepberus
471 1223 594 1306 depelle
610 1225 703 1287 tradit
716 1229 748 1288 et
759 1223 894 1304 resignat
910 1223 1003 1285 lrlerl
1018 1221 1046 1288 S.
1060 1223 1148 1286 derel
1164 1223 1201 1286 de
1214 1221 1340 1286 enbslls
1355 1224 1394 1287 de
1408 1223 1482 1286 der·

305 1331 503 1413 stentlnepell
519 1331 661 1412 quasdam
677 1337 785 1400 terras,
802 1331 839 1394 de
856 1331 963 1413 qulbus
980 1331 1095 1396 latetur
1111 1351 1143 1396 se
1159 1333 1288 1414 pretia·
1305 1333 1468 1415 recepisse.
1560 1323 1562 1376 i

707 1469 738 1523 ll.
752 1471 778 1524 d.
793 1471 873 1532 11111,
886 1488 919 1524 ιιι.
932 1471 1066 1526 Jruuario.

379 1598 589 1664 Flaminius
603 1571 823 1674 Cornelius,
837 1599 995 1664 Ecclesiae
1005 1597 1139 1663 Venetae
1151 1601 1269 1684 antiqua
1279 1605 1482 1671 monumenta.

288 1703 413 1768 decadis
429 1707 468 1769 Xl
486 1714 571 1791 parte
588 1707 770 1791 posteriore,
787 1727 857 1791 pag.
876 1708 941 1771 225
960 1728 1025 1794 sqq.

378 1812 421 1877 Er
439 1815 626 1898 autographo
643 1817 674 1878 in
690 1815 812 1879 archivo
829 1817 1001 1879 monasterii
1018 1838 1042 1878 s.
1061 1813 1189 1898 Georgii
1206 1815 1340 1898 majoris.

397 1965 432 2034 ln
457 1966 587 2035 nomine
616 1965 736 2036 domini
765 1965 815 2034 dei
842 1971 876 2035 et
898 1965 1078 2058 ⁸salvatoris
1104 1965 1211 2035 nostri
1239 1967 1318 2037 Jesu
1348 1965 1482 2036 Christi.
1559 1951 1562 2072 f

287 2091 383 2160 Anno
413 2090 500 2160 dom.
522 2091 692 2162 millesimo
720 2091 900 2162 centesimo
921 2091 1193 2186 quinquagesimo
1222 2093 1317 2186 (add.
1334 2092 1481 2188 priato),

163 2297 166 2306 ,
287 2217 408 2288 mensis
427 2219 583 2300 lanuarii,
604 2218 781 2287 indictione
802 2217 1057 2310 quartadecima,
1078 2220 1344 2289 Consrrnnsoron.

378 2344 509 2415 Plenam
540 2351 574 2416 et
602 2345 851 2415 irrevocabilem
879 2346 1091 2415 securitatem
1119 2347 1223 2429 facio,
1258 2369 1324 2440 ego
1351 2347 1482 2438 quidem
1560 2357 1562 2422 i

286 2469 623 2564 StephanusCapello
644 2470 684 2540 de
704 2469 895 2562 majoribus,
915 2493 990 2539 cum
1010 2472 1089 2540 meis
1104 2471 1281 2542 heredibus
1295 2479 1330 2542 ct
1344 2494 1482 2542 succes-

287 2600 418 2670 soribus
445 2599 502 2669 tibi
533 2599 682 2691 quidem,
709 2599 830 2668 domno
856 2600 957 2668 Petro
986 2599 1146 2669 monacho
1175 2599 1277 2692 priori
1304 2601 1340 2670 S.
1368 2599 1482 2682 Marci,
1560 2627 1562 2652 2

286 2727 391 2795 nostri
406 2723 526 2794 emboli
541 2723 889 2816 deConstantinopoli‚
903 2731 937 2794 et
950 2725 1015 2794 tuis
1029 2727 1279 2796 successoribus
1290 2749 1350 2796 seu
1363 2733 1482 2818 poste-

286 2853 331 2919 ris
351 2852 416 2920 tuis
436 2851 476 2920 ad
503 2850 738 2944 possidendum
758 2851 789 2920 in
815 2855 1029 2943 perpetuum,
1054 2849 1105 2920 rel
1125 2851 1277 2944 quicquid
1296 2851 1388 2922 vobis
1408 2851 1482 2946 pla·

287 2978 411 3060 cuerit,
439 2977 579 3048 faciendi
608 2977 649 3046 de
678 2985 797 3047 cuncta
827 2983 861 3047 ct
887 3000 988 3069 super
1013 2983 1084 3047 tota
1109 2977 1164 3047 illa
1182 2986 1292 3062 terra,
1322 3002 1386 3072 que
1416 3001 1481 3072 ego
1561 3013 1562 3016 ¹

287 3103 449 3196 quondam
460 3114 610 3198 tempore
623 3103 810 3196 comparavi
828 3103 860 3172 in
875 3102 1023 3173 Larmiro
1039 3103 1081 3173 de
1096 3104 1209 3176 Nicola
1227 3105 1349 3188 Piliam,
1369 3108 1481 3177 Greco

287 3231 473 3301 habitatore
492 3231 525 3300 in
545 3230 662 3301 eodem
673 3229 818 3313 Armiro,
833 3252 895 3322 per
909 3230 1068 3300 cartulam
1079 3233 1188 3302 Grcce
1203 3233 1373 3326 scriptam,
1393 3238 1432 3303 ut
1449 3233 1482 3304 in

287 3380 325 3426 ea
344 3355 484 3450 legitur,
509 3365 637 3427 etcum
658 3356 807 3426 omnibus
834 3357 902 3426 suis
928 3355 1150 3427 mansionibus
1177 3363 1211 3427 et
1230 3357 1388 3445 edificiis,
1416 3382 1480 3452 que

284 3505 352 3576 ego
368 3506 468 3575 super
484 3482 619 3552 eandem
639 3487 764 3552 terram
782 3481 852 3550 lieri
871 3481 947 3564 feci,
968 3488 1090 3552 etcum
1106 3483 1256 3554 omnibus
1270 3485 1337 3554 suis
1353 3484 1481 3555 baben-

285 3609 338 3678 tiis
360 3615 393 3678 et
410 3609 628 3701 pertinentiis,
648 3609 735 3680 intus
750 3613 785 3677 et
803 3607 899 3690 loris,
919 3631 1049 3678 sursum
1070 3617 1104 3680 et
1121 3609 1287 3693 deorsum,
1309 3633 1393 3702 quae
1413 3615 1480 3680 mm

286 3739 402 3826 suptus
417 3741 551 3816 terram,
577 3757 674 3828 quam
693 3757 792 3826 supra
807 3739 931 3804 terram
950 3735 993 3804 ibi
1007 3735 1125 3804 adesse
1141 3743 1336 3816 noscuntur,
1356 3757 1481 3806 secun·

286 3859 360 3930 dum
390 3860 545 3951 quodibi
572 3861 603 3930 in
629 3859 778 3930 Larmiro
804 3861 913 3952 posita
933 3866 1002 3940 est;
1031 3883 1098 3930 uno
1118 3883 1180 3930 suo
1200 3861 1307 3953 capite
1326 3861 1481 3933 firmante

284 3987 443 4070 inmane,
469 3986 532 4058 alio
558 4009 620 4057 suo
646 3988 754 4079 capite
778 3985 929 4056 firmante
950 3987 985 4055 in
1012 3992 1103 4057 terra
1122 4011 1150 4056 s.
1171 3987 1309 4080 Georgii
1331 3988 1372 4058 de
1392 3987 1481 4060 Lar-

286 4111 381 4194 miro,
406 4134 471 4181 uno
491 4135 552 4182 suo
572 4111 677 4182 latere
695 4111 844 4181 firmante
864 4111 897 4180 in
917 4111 999 4181 calle
1019 4111 1168 4203 ejusdem
1187 4136 1215 4182 s.
1237 4113 1392 4206 Georgii,
1414 4111 1480 4184 alio

284 4259 345 4308 suo
364 4237 467 4307 latere
487 4237 634 4307 lirmante
652 4237 684 4304 in
720 4242 823 4319 terra,
845 4260 908 4329 que
927 4237 991 4307 fuit
1008 4237 1168 4308 Bonilacii
1185 4237 1312 4308 Bataui.

375 4363 467 4433 Hanc
490 4383 629 4456 namque
653 4367 754 4432 totam
779 4363 1039 4454 prenominatam
1062 4369 1186 4434 terram
1210 4387 1283 4435 cum
1310 4366 1399 4435 omni
1419 4389 1481 4437 sua

283 4487 489 4582 longitudine
509 4488 579 4580 (et)
597 4486 779 4570 latitudine,
799 4511 872 4558 cum
892 4489 1065 4582 capitibus,
1086 4489 1242 4560 lateribus
1262 4493 1330 4561 suis
1350 4499 1481 4563 etcum
