3130 5078
409 323 504 378 quoc.
518 323 551 378 III
566 339 655 377 sersa-
671 339 706 376 aa
719 321 842 376 Tuounu
857 323 941 376 Para.
954 323 999 378 Gr.
1213 311 1288 380 513

613 567 805 640 CXXXVIII.

183 712 370 776 Innocentlns
386 711 427 772 III
445 709 680 787 alienabimus,
703 707 875 772 Iatrtarcbe
892 707 1225 790 Constantinapalltano.

112 855 180 920 Dat
201 856 386 938 facultatem
409 853 607 940 procedendi
633 853 676 918 od
701 853 828 916 ordines
855 859 885 916 et
912 851 1041 916 idoneos
1063 852 1098 915 in
1118 851 1292 916 miniatesdo

598 960 815 1048 praeficiendi.

490 1087 521 1140 Α.
536 1086 560 1140 d
574 1086 653 1148 1205,
666 1085 709 1140 dIe
722 1085 765 1140 30.
779 1103 811 1138 m.
826 1085 917 1140 Martii.

205 1215 332 1280 innoc.
346 1215 384 1280 III
402 1215 491 1300 epist.
504 1215 555 1280 lib.
570 1215 644 1288 VIII,
657 1235 705 1298 ep.
718 1213 782 1278 XXI
800 1214 847 1278 ed.
861 1215 1076 1298 Brdquigup
1092 1213 1291 1298 uulpem.

205 1365 287 1453 Quia
313 1367 429 1438 dantur
452 1365 580 1460 gratiae
599 1388 638 1434 er
658 1365 783 1457 gratia,
808 1364 893 1457 quod
913 1365 996 1458 apud
1017 1387 1076 1434 nos
1094 1364 1194 1434 fueris
1212 1387 1293 1456 gra-

114 1495 233 1577 tiosus,
261 1496 362 1566 effusa
382 1518 481 1588 super
501 1503 533 1564 te
554 1493 747 1564 monstrabit
766 1495 859 1585 eopia
879 1492 1067 1586 gratiarum.
1098 1491 1176 1562 Tuis
1195 1493 1294 1585 igitur·

115 1621 270 1714 precibus
290 1631 488 1703 annuentes,
514 1619 707 1690 fraternitati
728 1627 802 1690 tuae
822 1618 1008 1712 specialiter
1027 1617 1240 1711 indulgemus,
1262 1627 1296 1688 et

115 1755 152 1818 ut
171 1748 203 1816 in
218 1748 329 1818 diebus
349 1747 517 1818 dominicis
538 1756 572 1818 et
587 1747 769 1840 praecipuis
783 1746 1051 1828 solemnitatibus,
1072 1768 1144 1816 cum
1158 1768 1294 1816 necesse

114 1874 231 1955 luerit,
258 1897 416 1966 personas
440 1875 576 1944 idoneas
602 1876 632 1943 in
655 1873 873 1944 subdiaconos
892 1873 1001 1943 ualens
1020 1894 1234 1964 promovere,
1262 1879 1295 1941 et

115 2023 190 2072 cum
217 2003 249 2070 in
277 2001 423 2071 Ecclesia
452 1999 808 2094 Constantinopolitano
832 2001 885 2075 uel
916 1999 991 2070 nulli
1024 2005 1079 2070 aut
1111 2001 1204 2090 pauci
1232 1999 1296 2066 siut

116 2129 275 2198 canonice
294 2127 450 2208 instituti,
477 2129 517 2198 ed
544 2149 614 2198 eam
641 2126 769 2198 sublato
789 2127 1012 2221 appellationis
1032 2125 1202 2196 obstaculo
1221 2125 1294 2194 ido-

117 2279 198 2326 neos
219 2257 305 2326 viros
325 2277 482 2336 assumas,
509 2277 570 2324 nec
590 2257 678 2324 carni
699 2263 734 2324 et
752 2255 902 2348 sanguini
922 2254 1027 2336 aliter,
1053 2275 1146 2346 quam
1167 2251 1295 2334 deceat,

116 2381 320 2475 acquiescas,
346 2383 402 2451 sed
425 2381 537 2450 merita
557 2381 720 2474 ponderes
740 2388 773 2452 et
798 2382 997 2453 literaturam
1018 2379 1183 2460 attendam
1212 2403 1296 2471 quo-

117 2510 201 2578 niam
222 2508 357 2578 inomni
377 2516 490 2602 gente,
512 2509 564 2601 qui
583 2509 661 2578 facit
676 2507 847 2600 justitiam,
869 2515 1026 2602 acceptus
1041 2515 1092 2578 est
1106 2505 1189 2576 Deo.
1210 2505 1293 2576 Nulli

115 2659 201 2729 ergo
221 2643 285 2706 etc.
305 2635 526 2729 indulgentiae
546 2644 679 2706 nostrae
699 2645 763 2706 etc.

206 2765 322 2836 Datum
343 2763 460 2848 Ranae,
485 2763 570 2856 apud
589 2773 736 2836 sanctum
756 2767 905 2848 Petrum,
926 2763 966 2834 Ill
986 2765 1146 2836 llalcada's
1164 2765 1294 2859 Aprilis,

116 2913 201 2961 anno
222 2898 349 2960 octavo.

624 3072 786 3144 CXXXIX.

189 3213 376 3278 Innocenttns
392 3214 432 3276 III
449 3215 542 3278 eidem
558 3215 681 3295 Ibome,
697 3214 871 3278 I'otrtnrolm
887 3213 1221 3298 donstontlnopolltano.

117 3357 155 3422 Ut
175 3359 215 3422 de
237 3357 367 3422 consilio
387 3357 577 3442 praedoctum
602 3357 740 3422 virorem
762 3363 900 3422 statuere
920 3361 1039 3429 celem,
1058 3367 1156 3446 prout
1177 3359 1293 3424 videa-it

115 3467 281 3552 cepedire,
296 3467 336 3529 de
351 3466 438 3530 bonis
453 3467 616 3531 Ecclesiae
630 3488 717 3542 auae,
736 3467 811 3554 quio
826 3488 986 3532 recursum
1000 3489 1097 3555 super
1112 3468 1162 3532 dis
1178 3468 1293 3534 bodeet

500 3575 544 3638 od
557 3573 669 3639 Sedem
685 3575 901 3662 apostolicam.

491 3715 520 3768 Α.
535 3715 559 3769 d.
575 3716 654 3779 1205,
667 3715 709 3770 die
722 3715 766 3771 30.
778 3733 809 3768 m.
824 3716 917 3768 blartii.

205 3845 327 3908 Innoe.
342 3843 379 3906 III
396 3844 481 3928 epist.
496 3844 545 3908 lib.
559 3843 631 3916 VIII,
649 3865 695 3930 ep.
709 3845 783 3908 XXII
800 3846 848 3910 ed.
864 3846 1076 3930 Brdqngnp
1090 3847 1125 3908 Τ.
1133 3847 1167 3923 11,
1177 3849 1290 3932 poet.

206 3994 298 4064 Licet
317 3995 348 4064 in
366 3995 470 4065 forma
485 3993 680 4086 juramenti,
707 3995 795 4089 quod
815 3996 908 4066 nobis
927 3998 958 4067 in
978 3999 1187 4089 susceptione
1206 3999 1291 4092 pallii

114 4123 293 4194 secundum
312 4121 498 4214 generalem
519 4124 784 4194 consuetudinem
805 4124 1005 4216 praestitisti,
1024 4123 1089 4195 hoo
1108 4126 1292 4217 specialiler

114 4250 159 4320 sit
187 4271 391 4341 expressum,
428 4255 464 4318 ut
490 4253 717 4342 possessIones
751 4251 791 4320 arl
826 4273 967 4321 mensam
999 4253 1045 4322 toi
1083 4254 1291 4346 episcopatus

115 4381 304 4470 spectantes
324 4399 385 4445 nec
404 4377 538 4460 uenulas,
558 4399 620 4448 neo
640 4379 755 4461 dones,
783 4399 843 4448 nec
862 4381 992 4472 pignori
1011 4380 1150 4473 obliges,
1170 4403 1231 4451 nec
1251 4382 1291 4451 de

117 4527 202 4574 nouo
223 4503 396 4585 infeodes,
426 4527 486 4574 nec
513 4505 619 4598 aliquo
647 4505 743 4575 modo
768 4507 952 4578 inconsulto
972 4511 1117 4579 Romano
1137 4510 1292 4580 Pontifice
