3120 5078
304 366 380 438 372
420 377 540 432 Pacvuu
555 379 674 432 Hnnrvcr
688 377 819 433 Daunum
834 395 892 434 cun
905 379 1057 434 Bonrvncro
1071 375 1263 434 flcnrrsrsaa.
1277 393 1358 430 carr.

392 549 436 620 Et
455 549 554 622 debet
578 551 665 622 inter
690 573 752 622 nos
779 557 814 621 et
839 574 897 622 vos
915 551 1005 621 firma
1023 551 1168 623 societas
1187 573 1262 620 esse
1280 547 1373 632 talis,
1401 545 1487 640 quod

305 698 367 745 nos
386 676 544 748 dehemus
563 700 622 748 vos
641 677 726 748 bene
744 684 901 762 tractare,
922 684 956 750 et
974 700 1033 748 vos
1053 702 1124 750 nos.

393 803 436 874 Et
454 805 481 874 si
500 804 564 874 deo
584 812 747 875 annuente
772 828 833 899 per
851 807 913 876 vim
931 805 981 877 vel
1000 805 1249 876 conventionem
1269 801 1388 895 aliquid
1414 801 1486 871 iue-

301 930 402 1002 rimus
427 933 576 1024 acquisiti
602 933 786 1003 comuniter
804 932 854 1002 vel
874 932 1019 1016 divisim,
1049 955 1110 1004 nos
1135 955 1175 1004 ex
1194 953 1233 1002 eo
1254 931 1340 1001 omni
1360 929 1485 1000 medie-

302 1062 404 1128 tatem
422 1057 545 1129 habere
565 1058 733 1144 debemus,
753 1065 789 1130 et
806 1082 864 1130 vos
884 1060 976 1130 aliam
997 1061 1213 1132 medietatem.

393 1184 464 1272 Que
483 1187 589 1256 omnia
609 1185 760 1279 superius
775 1185 1012 1280 comprehensa
1032 1187 1134 1258 nuntii
1152 1185 1252 1257 vestri
1271 1183 1414 1280 predicti
1433 1205 1488 1277 per

302 1335 339 1383 se
358 1319 392 1382 et
410 1336 511 1407 super
530 1315 652 1386 ammas
670 1320 797 1384 vestras
815 1337 877 1408 pro
897 1319 992 1408 parte
1010 1321 1120 1385 vestra
1135 1313 1177 1384 ad
1191 1311 1365 1406 evangelia
1378 1317 1488 1382 saneta

302 1439 353 1510 dei
370 1439 582 1530 juraverunt,
611 1441 698 1535 quod
722 1464 783 1535 per
802 1464 860 1512 vos
880 1447 1010 1513 servata
1028 1448 1142 1524 eruut,
1170 1440 1259 1534 quod
1284 1447 1318 1512 et
1342 1463 1404 1511 vos
1429 1437 1485 1533 ipsi

302 1566 350 1636 sic
369 1571 559 1638 servaturos
573 1566 739 1661 jurabitis,
759 1575 793 1639 et
807 1569 949 1640 barones
963 1574 1094 1639 vestros
1108 1567 1224 1662 jurare
1239 1567 1381 1650 facietis,
1402 1563 1487 1660 quod

301 1692 366 1762 hec
389 1693 587 1779 servabunt,
613 1701 646 1766 et
672 1700 776 1766 totam
801 1703 951 1790 gentem,
980 1719 1044 1790 que
1068 1718 1108 1766 ex
1133 1701 1228 1789 parte
1247 1699 1358 1766 vestra
1380 1692 1488 1776 tuerit,

303 1819 364 1890 nisi
385 1827 499 1893 nostra
518 1823 711 1893 remanserit
730 1823 907 1894 vuluntate.

392 1948 464 2018 Hoc
492 1950 588 2020 etiam
619 1950 734 2043 jurave
770 1951 898 2024 iacietis
933 1950 1098 2020 dominum
1126 1969 1242 2044 regem
1269 1947 1430 2030 mande,
1463 1945 1488 2014 si

305 2075 468 2169 poteritis.
679 2055 682 2062 ¹

389 2201 459 2272 Nos
475 2207 584 2273 autem
599 2226 649 2286 ea,
669 2227 731 2298 que
746 2225 847 2296 supra
861 2202 948 2274 dicta
966 2209 1042 2274 sunt
1056 2201 1097 2273 de
1112 2203 1242 2295 navigio
1258 2202 1352 2273 vobis
1367 2201 1487 2286 dando,

302 2330 441 2400 servatis
460 2329 533 2413 hiis,
554 2352 618 2422 que
636 2337 713 2401 sunt
731 2335 882 2424 exparte
902 2337 1011 2401 vestra
1029 2329 1125 2400 nobis
1145 2329 1318 2424 promissa,
1338 2335 1488 2400 servatu-

299 2479 358 2526 ros
366 2457 558 2550 juravimus,
579 2462 613 2528 et
632 2463 735 2528 totum
756 2457 852 2528 alium
872 2457 1021 2528 ordinem
1035 2457 1188 2550 superius
1202 2455 1486 2550 comprehensum,

299 2585 327 2655 si
347 2605 420 2654 eum
439 2583 585 2655 exercitu
604 2583 794 2678 supradicto
814 2585 1014 2668 venerimus;
1043 2583 1132 2679 quod
1158 2591 1192 2654 et
1216 2583 1360 2654 bmones
1386 2583 1486 2654 nostri

297 2711 422 2803 pariter
441 2711 648 2804 juraveruut.
678 2711 713 2784 Si
732 2734 811 2782 vero
831 2734 905 2782 eum
925 2711 1113 2806 supradicto
1134 2711 1280 2782 exercitu
1300 2733 1366 2781 non
1386 2733 1484 2781 vene·

300 2837 412 2919 rimus,
432 2835 488 2922 hii,
505 2838 558 2931 qui
571 2838 646 2908 loco
663 2844 778 2910 nostro
792 2839 915 2908 fuerint
929 2837 961 2909 in
975 2839 1046 2932 ipso
1062 2839 1199 2932 negotio
1213 2837 1428 2933 superpositi,
1442 2839 1487 2908 sie

299 2970 488 3036 servaturos
503 2965 674 3056 jurabunt,
695 2971 728 3036 et
746 2966 869 3038 sacient
882 2966 997 3059 jurare
1018 2987 1130 3036 omnes
1149 2965 1243 3050 alios,
1264 2967 1318 3060 qui
1339 2972 1487 3060 exparte

298 3097 412 3161 nostm
432 3092 555 3186 inipso
577 3093 721 3164 exercitu
741 3100 853 3176 erunt,
880 3093 940 3164 nisi
967 3099 1076 3164 vestra
1096 3093 1290 3163 remanserit
1308 3092 1484 3164 voluntate.

390 3217 442 3288 nd
466 3219 528 3290 hec
553 3219 681 3312 (quod)
699 3243 761 3314 pro
780 3225 895 3291 nostm
913 3227 1162 3314 vestrorumque
1180 3220 1373 3291 nuntiorum
1391 3239 1484 3314 supra

299 3343 462 3415 dictorum
481 3346 647 3417 voluntate
666 3353 823 3418 statutum
843 3353 905 3431 est,
926 3347 1014 3441 quod
1034 3346 1074 3417 ab
1094 3353 1233 3440 utraque
1250 3353 1345 3442 parte
1359 3345 1419 3416 viri
1432 3369 1483 3415 sex

299 3470 385 3564 elegi
406 3470 542 3555 debent,
570 3479 625 3556 ut,
654 3473 681 3544 si
705 3474 793 3546 sorte
811 3473 932 3566 aliquid
951 3473 1111 3558 scandali,
1138 3475 1227 3568 quod
1247 3473 1329 3545 deus
1349 3477 1480 3552 avertat,

298 3598 384 3668 inter
402 3603 535 3692 gentem
554 3605 700 3670 nosuam
720 3607 754 3670 et
771 3608 913 3672 vestram
932 3609 1079 3672 exortum
1099 3601 1212 3686 inerit,
1239 3600 1328 3695 quod
1347 3621 1410 3693 per
1428 3621 1480 3669 eos

296 3723 339 3793 ad
353 3724 563 3796 concordiam
580 3733 614 3796 et
629 3727 893 3798 reformationem
906 3730 1070 3822 pacificari
1085 3727 1220 3809 debeat;
1236 3734 1270 3798 et
1282 3725 1348 3798 hoc
1359 3727 1481 3822 quidem

297 3873 358 3922 suo
374 3850 560 3942 juramento
580 3853 667 3924 bona
685 3853 751 3924 tide
768 3843 966 3928 tractabunt.

387 3977 436 4048 De
465 3979 643 4051 concordia
671 3987 779 4052 autern
807 3983 869 4052 ista
898 3981 1045 4052 similiter
1071 3983 1159 4054 facta
1191 4005 1210 4052 a
1239 3982 1372 4054 domino
1402 3983 1481 4075 Papa

297 4102 454 4195 scriptum
472 4107 598 4198 pariter
615 4107 684 4177 fieri
703 4109 841 4192 iacietis,
861 4115 909 4194 ut,
929 4111 957 4179 si
972 4133 1035 4204 qua
1049 4111 1188 4204 partium
1203 4132 1222 4180 a
1237 4110 1481 4182 conservatione

296 4231 456 4322 pactionis
475 4231 574 4324 hujus
594 4231 797 4320 diseederet,
824 4235 858 4306 id
878 4237 906 4308 ei
927 4236 1141 4330 gravaminis,
1168 4235 1257 4332 quod
1275 4243 1369 4309 recte
1388 4239 1481 4310 susti·

297 4377 377 4425 nere
397 4356 527 4441 debeat,
547 4359 743 4453 imponatur.

387 4483 431 4555 Ut
448 4493 557 4555 autem
576 4487 732 4580 scriptrun
750 4488 814 4560 hoc
832 4489 935 4560 robur
954 4497 988 4561 et
1005 4491 1189 4562 firmitatem
1203 4489 1365 4576 obtineat,
1384 4493 1479 4587 ipsum

297 4609 384 4681 hodia
399 4611 549 4704 plumbea
568 4615 695 4705 typario
715 4624 831 4688 nostro
847 4617 1006 4711 impressa
1021 4619 1180 4711 jussimus
1200 4619 1232 4688 in
1251 4619 1345 4691 ealce
1360 4619 1477 4692 muniri.
