3130 5078
439 261 637 344 Cburrnunrro
651 291 770 344 Henaton
786 307 903 346 rrnrnrs
918 291 976 346 lue.
990 289 1035 345 Cr.
1242 277 1317 350 573

232 460 354 549 Quodsi
380 467 503 546 totum,
530 461 616 556 quod
640 462 897 558 suprascriptum
923 471 988 548 est,
1015 468 1080 534 tam
1105 484 1165 556 per
1191 460 1318 543 militer,

142 611 237 682 mam
261 612 321 682 per
344 590 506 661 dominnm
532 593 763 684 Imperatorem
786 613 850 661 non
875 591 973 661 fucrit
998 589 1227 671 obseruatum,
1256 611 1319 659 non

141 713 204 784 bac
224 715 396 786 occasione
422 716 521 788 debet
544 715 691 788 dominus
710 716 890 810 Imperator
909 717 1046 811 aliquem
1066 715 1195 786 militem
1217 738 1319 810 erpo·

140 841 221 913 liare
240 843 484 937 apossessionc
503 867 574 926 soa,
595 865 656 913 nec
676 841 791 913 milites
810 843 971 915 dominum
991 845 1242 938 Imperatorem
1262 842 1320 912 sed

144 991 254 1040 coram
277 969 453 1053 indicibus,
480 970 533 1064 qui
559 975 707 1063 tempore
727 969 779 1040 illo
798 976 864 1040 tam
883 994 942 1064 per
961 972 1200 1064 Francigcnas,
1226 993 1319 1064 qnam

144 1119 204 1189 per
217 1095 359 1167 Venetos
378 1103 474 1167 erunt
492 1096 670 1180 constituti,
691 1096 788 1168 debet
801 1120 899 1168 causa
912 1097 1077 1169 uentilari:
1098 1103 1132 1170 et
1144 1097 1320 1168 secundum

145 1223 231 1316 quod
250 1223 310 1317 ipsi
327 1223 450 1294 indices
468 1223 693 1307 iudicauerint,
712 1222 809 1294 debet
827 1222 868 1294 ab
884 1230 1020 1317 utraque
1031 1231 1125 1318 parte
1139 1224 1319 1296 obseruari.

72 1384 74 1390 ¹
145 1351 300 1422 Dominus
333 1351 489 1446 siquidem
524 1351 705 1446 Imperator
738 1350 856 1420 nemini
886 1355 1002 1422 contra
1030 1351 1189 1424 iusticiam
1214 1351 1320 1445 aliquo

147 1485 295 1574 tempore
309 1477 420 1550 iacere
434 1479 547 1562 dcbet;
567 1485 601 1550 et
613 1479 653 1562 si,
665 1477 750 1577 quod
765 1477 860 1560 absit,
879 1478 1009 1561 iecerit,
1029 1479 1069 1550 ad
1089 1481 1320 1551 amonicionem

147 1607 316 1676 memorati
334 1605 479 1698 conscilij
499 1629 609 1676 coram
628 1605 822 1698 supradictis
847 1604 1005 1676 iudicibus
1028 1606 1060 1676 in
1079 1607 1244 1700 presentia
1263 1631 1321 1678 sua

1 1763 3 1770 ⁸
147 1732 338 1802 satisfacere
375 1733 482 1804 debet.
528 1731 657 1804 Debent
690 1754 828 1823 namque
862 1755 975 1802 omncs
1003 1732 1117 1804 Veneti
1150 1733 1321 1816 veniendo,

146 1857 280 1942 stando,
309 1859 415 1930 eundo
444 1865 477 1930 et
503 1859 670 1932 redeundo
697 1882 757 1952 per
780 1863 883 1928 totum
910 1859 1080 1954 imperium
1107 1860 1263 1930 Romanic
1289 1865 1323 1930 et

147 2008 259 2057 eorum
290 2009 345 2056 res
376 2010 449 2058 esse
487 1986 609 2080 absque
645 1987 730 2058 omni
763 1986 998 2058 contrarietate
1030 1993 1065 2056 et
1096 1987 1220 2080 absque
1258 1987 1322 2057 ulla

147 2111 308 2184 dactione.
344 2113 465 2184 Omnes
492 2113 588 2184 etiam
622 2113 846 2208 possessiones
875 2119 910 2184 et
942 2112 1206 2198 honorificentie,
1242 2137 1322 2208 quas

142 2237 288 2309 homines
307 2240 442 2311 Venetie
467 2241 641 2312 habuerint
658 2247 691 2312 et
712 2239 896 2312 babuerunt
920 2242 1120 2334 intempore
1141 2241 1321 2312 Grecornm

146 2389 206 2461 per
233 2373 336 2439 totum
364 2367 536 2460 Imperium
565 2367 735 2449 Romanic,
762 2375 828 2439 tam
856 2391 930 2438 cum
960 2359 1100 2462 scripto,
1129 2391 1224 2462 qnam
1252 2368 1321 2438 sinc

145 2495 281 2587 scripto,
298 2495 462 2566 ctbabcnt
479 2495 665 2588 adpresens
675 2494 838 2566 ethabere
849 2495 1082 2588 contingerint,
1095 2500 1161 2566 tam
1177 2497 1209 2564 in
1225 2495 1321 2589 spiri-

144 2619 295 2705 tualibus,
318 2645 413 2716 quam
427 2622 459 2692 in
475 2621 719 2714 temporalibus,
740 2623 830 2692 firme
847 2624 893 2694 cis
907 2629 941 2692 et
956 2621 1079 2693 illibate
1097 2629 1318 2717 permancant.

234 2747 451 2820 Nullusbomo
460 2747 583 2820 babens
594 2771 747 2842 guerram
760 2771 832 2818 cum
845 2749 974 2820 comuni
984 2748 1119 2820 Venetie
1133 2749 1232 2820 debet
1245 2773 1318 2821 esse

146 2873 1319 2971 receptus,necmorariinlmperio,donecipsnguerrafncritpacificata.

236 3003 470 3075 Confirmamus
484 3003 615 3096 insuper
624 3009 728 3074 totum
741 3004 895 3098 scriptum
910 3004 1008 3097 pacti,
1026 3003 1112 3096 quod
1128 3004 1249 3073 iactum
1263 3001 1324 3072 fuit

147 3135 182 3198 et
194 3129 332 3200 iuratum
348 3153 408 3223 per
420 3136 630 3201 memoratum
643 3130 804 3200 dominum
820 3129 1064 3224 Imperatorem,
1080 3137 1158 3201 tunc
1173 3129 1322 3200 comitem

146 3255 1322 3341 blandrcnsem,etdom.DucemVenetorum,etdomdlarcbionemlllon-

146 3383 302 3454 tisierrati
312 3383 734 3478 ceterosqnebaronescum
743 3385 828 3454 omni
837 3383 964 3454 comuni
972 3383 1133 3454 exercitus
1141 3384 1320 3454 memorati.

233 3511 388 3582 Dominus
414 3513 594 3605 imperator
619 3511 680 3582 bec
704 3511 808 3581 omnia
833 3511 1011 3582 iuramento
1031 3511 1192 3583 affirmare
1212 3512 1320 3582 debet.

234 3641 351 3710 Testes
370 3644 445 3709 sunt
463 3639 603 3710 omnium
621 3639 930 3732 suprascriptorum:
959 3633 1191 3731 Gauircdus¹),
1212 3663 1320 3710 mare-

146 3763 273 3834 scalcus
301 3763 442 3860 Imperij.
474 3766 617 3836 blarinus
644 3767 753 3848 Geno,
781 3766 834 3856 qui
863 3765 996 3836 fuerunt
1022 3765 1063 3835 de
1091 3766 1321 3862 suprascriptis

146 3892 355 3985 portitoribus
375 3897 409 3962 ct
427 3893 710 3973 examinatoribus,
730 3891 783 3986 qui
802 3890 863 3962 bec
882 3893 987 3962 omnia
1006 3894 1229 3988 suprascripta
1248 3917 1320 3964 cnm

146 4017 219 4111 alijs
236 4018 448 4111 partitoribus
466 4019 710 4092 ordinauerunt.

235 4143 352 4216 Actum
367 4153 416 4218 est
429 4145 493 4218 hoc
508 4146 752 4217 Consrrrnnoron
765 4145 796 4216 in
810 4144 929 4240 palatio
944 4145 1196 4218 Dlacbernarum
1211 4170 1321 4217 coram

144 4272 193 4342 bis
220 4273 376 4344 testibus:
411 4273 558 4344 lobanne
591 4273 744 4354 Faletro‚
780 4273 928 4344 lobanne
960 4275 1173 4356 ltlaurcceno,
1211 4275 1320 4345 Marco

173 4500 200 4572 ¹)
220 4499 424 4555 (lantfridus
439 4501 486 4556 LP.
500 4500 531 4554 ΙΙ.
550 4499 634 4554 codex
648 4500 676 4555 S.
690 4500 778 4554 marei.
