3130 5082
443 381 551 438 brsnrr
564 379 632 434 Vsu.
646 395 684 434 so
696 378 756 434 ism.
770 377 920 433 Gusrcurr.
1196 359 1270 431 107

179 551 254 646 Ego
278 551 546 635 Bartholomeus,
572 553 658 622 sueri
682 550 790 646 palatii
814 548 986 630 Notarius,
1011 543 1076 616 boc
1094 541 1272 636 exemplum

2 631 3 708 i
87 685 254 773 sumptum
273 703 312 750 ex
329 681 494 791 suteutipo
513 677 620 773 sigilio
642 701 740 750 cereo
760 677 901 772 sigidnto
920 660 1101 777 bone'fide,
1124 681 1161 742 ut
1179 693 1272 740 com-

89 808 186 899 perii,
206 807 322 902 scripsi
340 815 374 879 et
392 807 577 902 exemplavi,
597 807 640 878 nil
659 807 780 877 addens
794 806 845 876 vel
859 805 1017 886 minuens,
1037 799 1125 894 quod
1139 805 1272 870 senten-

88 934 167 1004 tiam
180 941 295 1006 mutet.
315 937 477 1008 currente
494 956 579 1006 anno
599 933 719 1004 domini
738 932 903 1004 millesimo
924 928 1147 1002 ducentesimo
1166 927 1272 1020 trigo-

90 1062 172 1132 simo
191 1068 321 1157 quarto,
340 1062 516 1134 indictione
534 1062 680 1154 septime,
699 1083 810 1132 mense
828 1057 994 1132 Octubris.

628 1259 736 1331 XLIX.

94 1401 194 1484 begrti
221 1403 396 1468 Venetorum
424 1404 502 1486 opud
530 1403 739 1486 tmperstsren
770 1401 909 1466 tirrenum
941 1399 1107 1464 executioni
1139 1397 1273 1461 morderi

92 1512 279 1596 pncclptrrt
295 1513 452 1596 privilegis
466 1532 484 1577 s
497 1511 581 1578 Petro
596 1511 704 1574 isim
717 1511 795 1575 brec
809 1529 950 1575 concesse
962 1505 1109 1573 molesios
1121 1505 1149 1572 S.
1158 1507 1274 1586 desrgtt

590 1621 627 1684 dc
647 1621 777 1683 Bsdtsto.

492 1743 523 1798 Α.
537 1743 564 1798 d.
578 1743 658 1806 114⁷,
670 1761 703 1796 m.
716 1743 873 1815 Septembri.

2 1919 3 1956 ,
179 1853 1273 1936 Flaminiusdoruelius,EcclesiseVenetaenntiquumonumento,

2 1959 3 2002 ³
93 1961 215 2027 decedis
232 1963 270 2026 XI
285 1969 373 2048 parte
387 1965 557 2049 posteriore
571 1984 640 2048 pag.
657 1965 733 2031 222.

2 2069 3 2134 i

181 2067 225 2136 Ex
239 2072 423 2158 autographo
439 2073 470 2136 in
486 2073 607 2137 srcbiuo
623 2073 794 2140 monosterii
810 2093 835 2136 s.
853 2071 980 2153 Georgii
997 2068 1127 2151 meionis.

184 2220 373 2294 Dominicus
390 2223 606 2296 binuroocuus
620 2231 718 2320 utque
732 2223 880 2294 Andreas
895 2225 1017 2302 Genus,
1035 2220 1136 2314 legati
1156 2219 1275 2289 domini

97 2349 199 2419 nostri
217 2349 305 2420 Petri
325 2350 448 2434 Potoni,
473 2351 609 2445 gloriosi
629 2352 740 2435 Ducis,
763 2352 928 2446 totiusque
955 2345 1059 2420 n'ostri
1085 2347 1275 2430 communis,

97 2476 137 2546 nd
161 2475 203 2547 i).
224 2477 451 2550 Hemnuuelem
473 2479 704 2574 imperatorem
728 2477 858 2562 directi,
884 2477 1032 2548 omnibus
1052 2474 1215 2545 Veneticis
1235 2472 1276 2543 de

96 2604 240 2676 Redesto
265 2611 378 2676 notum
396 2604 466 2675 fieri
484 2605 643 2690 volumus,
663 2606 813 2701 quonism
832 2611 907 2676 unte
925 2611 1071 2675 nostrum
1089 2608 1123 2674 et
1141 2600 1276 2672 oliorum

96 2729 256 2804 bonorum
282 2733 424 2804 virorum
455 2734 651 2827 presentiam
678 2733 828 2816 veniens,
860 2731 1046 2802 Dominicus
1078 2727 1277 2812 Babilonius,

96 2859 187 2931 Prior
210 2859 369 2931 ecclesiae
393 2885 420 2930 s.
441 2861 576 2954 Georgii
603 2861 644 2930 de
668 2859 785 2931 eodem
812 2859 979 2940 Redesto,
999 2857 1144 2929 ostendit
1167 2855 1275 2939 nobis,

98 2987 185 3080 quod
211 2987 376 3071 Venetici,
411 2988 463 3081 qui
496 2987 612 3058 ibidem
642 2993 809 3057 morantur
837 2993 871 3057 et
899 2985 1131 3079 negociantur,
1162 2989 1278 3055 contra

97 3117 319 3186 concessionis
345 3115 522 3198 certulam,
549 3137 643 3208 quam
661 3115 808 3208 prefatus
828 3112 977 3184 domiuus
995 3117 1110 3182 noster
1127 3111 1199 3182 Dux
1218 3110 1278 3181 sibi

96 3239 230 3326 iecerat,
249 3266 352 3337 cgere
370 3242 594 3336 disponebant

185 3369 257 3456 Quo
282 3370 394 3441 audito
422 3375 548 3463 partem
577 3365 789 3462 quorumdem
808 3366 1036 3438 veneticorum
1066 3365 1108 3436 de
1133 3363 1278 3435 Redesto

2 3501 3 3578 i
99 3503 208 3567 nostm
222 3497 370 3592 publicae
385 3496 476 3567 curie
490 3519 564 3566 cum
583 3494 733 3590 predicto
752 3494 868 3565 Priore
886 3495 918 3564 in
937 3491 1102 3565 audientia
1116 3491 1278 3562 communi

100 3645 157 3715 pro
177 3625 292 3698 eodem
311 3627 454 3720 negocio
474 3623 584 3694 venire
601 3623 749 3694 fecimus.

184 3751 310 3838 Quibus
335 3751 537 3846 ligitsntibus
566 3771 693 3820 monum
719 3749 884 3820 ambarum
903 3749 1050 3841 parcium
1065 3747 1209 3832 tulimus,
1229 3753 1278 3834 ut,

103 3877 246 3972 quicquid
270 3903 371 3974 super
395 3878 459 3950 boc
484 3877 695 3950 concorditer
719 3877 830 3947 dicere
856 3875 1007 3959 uelimus,
1035 3880 1174 3968 utraque
1202 3899 1279 3970 pers

103 4003 252 4077 obediens
267 4007 372 4076 soret:
397 4011 503 4076 metra
511 3999 541 4097 ¹)
562 4003 691 4098 quidem
711 4009 746 4074 et
763 4004 866 4074 rubos
885 4009 918 4074 et
937 4009 1079 4073 stateras
1098 4001 1142 4072 ibi
1161 4025 1279 4098 supru-
1327 4051 1330 4058 ·

104 4132 215 4227 scripta
230 4131 372 4204 ecclesia
390 4131 522 4213 babent,
541 4133 627 4204 sicut
645 4131 677 4201 in
692 4130 917 4202 concessionis
931 4135 1024 4200 certa
1038 4128 1159 4200 domini
1174 4131 1279 4201 nostri

81 4287 84 4294 ·
103 4255 193 4331 Ducis
211 4261 411 4333 continetur.

130 4521 153 4595 ¹)
171 4531 326 4592 ,metrum
338 4524 407 4579 idem
420 4525 533 4579 inmuose
545 4529 588 4580 set
604 4543 635 4580 uc
655 4527 720 4580 unet
732 4527 809 4580 roto
828 4551 836 4577 a
855 4565 862 4578 .
882 4563 890 4580 .
909 4526 1020 4582 metretn
1034 4543 1079 4584 res
1091 4528 1149 4584 ornt
1162 4523 1195 4584 nd
1207 4545 1281 4585 rnen·

171 4634 256 4671 surum
267 4616 405 4671 continens
414 4619 516 4670 centum
528 4615 617 4688 uiginti
628 4617 706 4670 libres
719 4633 810 4688 equus,
821 4616 861 4670 rei
872 4616 939 4672 vini“
952 4615 1030 4672 Corn.
