3110 5076
322 345 398 418 230
592 359 683 414 Eevsr.
696 357 791 414 lusco.
804 359 835 414 lll
849 377 884 414 ns
898 376 986 414 scano
999 375 1029 414 vu
1042 359 1219 414 Ssancsuos.

321 529 427 600 denuo
446 529 530 600 vires
548 536 677 601 nostras
697 537 730 601 et
748 531 923 625 potentiam
943 531 1089 624 experiri.
1114 529 1197 617 Quid
1215 531 1315 624 igitur
1330 539 1489 625 superest,
1551 613 1552 616 Ἴ

321 657 381 728 nisi
406 663 444 728 ut
466 657 534 740 bis,
561 679 643 750 quos
670 657 835 750 fugientes
853 660 885 729 in
905 658 1145 730 excusationem
1163 665 1303 730 vestram
1322 658 1364 729 ad
1382 665 1489 728 terrm

321 783 502 856 custodiam
527 782 706 868 dimisistis,
731 785 840 879 gladio
866 785 972 857 ultore
990 787 1143 879 peremtis
1162 785 1332 857 interram
1351 793 1489 858 vestram

320 913 473 1006 impetum
492 911 660 996 faciamus,
679 935 795 984 nomen
813 919 955 984 vestrum
973 918 1007 982 et
1025 913 1209 983 memoriam
1228 911 1442 1006 perdituri‘l“

412 1039 556 1126 Qualiter
566 1061 658 1132 ergo,
670 1040 789 1111 fratres
805 1047 838 1112 et
850 1038 918 1132 filij,
930 1039 1106 1134 opprobria
1115 1040 1376 1134 exprobrantium
1385 1039 1492 1133 repel-

319 1165 654 1254 lemus‘lQualitereis
664 1169 841 1261 poterimus
851 1167 1277 1263 respondere,cumeospro
1287 1175 1492 1262 partevemm

320 1295 474 1389 prosequi
499 1293 680 1378 videamus,
709 1295 791 1366 sicut
815 1318 919 1390 nuper
943 1294 983 1366 ad
1009 1295 1201 1367 audientiam
1229 1301 1375 1366 nostram
1406 1303 1494 1366 certa

322 1423 559 1516 significatione
593 1420 763 1515 pervenit?
800 1422 992 1516 Recepimus
1025 1425 1109 1496 enim
1140 1423 1250 1494 literas
1277 1423 1317 1494 de
1346 1423 1492 1517 partibus

321 1550 555 1631 transmarinis,
574 1549 673 1642 quod,
693 1573 765 1622 cum
779 1549 970 1620 Thentonici
987 1549 1100 1620 Ancon
1113 1551 1240 1643 navigio
1259 1551 1494 1644 pervenissent,

322 1686 463 1748 castrum
482 1676 604 1746 Barutb
623 1675 829 1748 obtinuerunt
855 1677 981 1748 nemine
1008 1675 1212 1748 defendente.
1240 1676 1399 1748 Saraceni
1419 1701 1494 1749 vero

322 1806 354 1875 in
378 1807 505 1899 Joppen
529 1804 687 1875 facientes
711 1805 881 1898 impetum,
911 1827 949 1874 ex
974 1803 1113 1874 adverso
1141 1827 1210 1873 eam
1234 1826 1294 1895 per
1312 1804 1493 1876 violentiam

322 1939 533 2028 occuparunt,
554 1938 587 2002 et
601 1932 705 2004 caesis
720 1930 826 2002 multis
840 1931 1095 2002 Christianorum
1115 1930 1250 2002 millibus
1265 1953 1335 2002 eam
1353 1933 1495 2003 funditus

323 2060 562 2132 destruxerunt.
592 2058 712 2130 Verum
730 2057 923 2128 Thentonici
949 2057 1132 2128 rumoribus
1158 2057 1198 2128 de
1224 2065 1331 2130 morte
1352 2059 1495 2153 lmpera·

321 2188 404 2259 toris
430 2187 571 2280 acceptis
598 2209 663 2257 non
688 2191 877 2277 exspectato
901 2185 1044 2279 passagij
1071 2192 1219 2279 tempore
1240 2208 1338 2256 naves
1356 2185 1496 2256 reduces

324 2316 552 2388 ascenderunt.
581 2313 674 2384 Unde
692 2313 859 2394 Saraceni,
887 2313 940 2406 qui
958 2313 999 2382 ad
1018 2311 1233 2382 resistendum
1253 2313 1300 2382 eis
1320 2313 1496 2383 exercitum

322 2447 517 2536 paraverunt
531 2441 709 2533 copiosum,
729 2440 760 2508 in
779 2447 899 2512 terram
910 2439 1163 2510 Christianorum
1183 2439 1267 2511 adeo
1287 2439 1496 2511 debacchan-

324 2577 390 2654 tur,
408 2578 444 2642 ut
463 2569 653 2640 Christianis
671 2591 732 2638 nec
751 2568 820 2637 sine
838 2565 981 2658 periculo
1001 2565 1147 2636 civitates
1167 2565 1279 2660 egredi
1299 2567 1408 2651 liceat,
1435 2592 1497 2640 nec

323 2699 355 2768 in
374 2697 452 2792 ipsis
470 2698 539 2767 sine
556 2693 727 2766 formidine
746 2717 932 2774 remanere;
958 2693 1053 2764 immo
1071 2694 1120 2763 eis
1139 2692 1266 2787 gladius
1284 2695 1365 2764 loris
1392 2695 1497 2764 immi-

325 2832 394 2908 net,
422 2829 526 2896 metus
554 2824 651 2893 intus.
687 2821 849 2893 Assumite
867 2820 983 2912 igitur,
1011 2819 1083 2912 filij,
1111 2821 1256 2913 spiritum
1284 2823 1497 2903 fortitudinis,

325 2958 450 3022 scutum
468 2951 542 3022 fidei
561 2956 595 3021 et
611 2943 739 3042 'galeam
758 2947 870 3018 salutis
889 2947 1037 3039 accipite,
1058 2971 1123 3018 non
1143 2951 1173 3018 in
1192 2971 1326 3018 numero
1346 2955 1401 3018 aut
1419 2950 1497 3018 viri-

325 3079 397 3162 bus,
417 3078 476 3149 sed
494 3077 553 3148 Dei
572 3077 692 3170 potius,
710 3076 762 3146 cui
783 3098 848 3145 non
868 3081 919 3146 est
938 3073 1068 3146 difficile
1089 3075 1120 3144 in
1140 3075 1245 3146 multis
1265 3075 1314 3146 vel
1333 3077 1364 3146 in
1385 3078 1498 3170 paucis

325 3207 467 3289 salvare,
493 3205 637 3296 potentia
660 3203 875 3284 confidentem
897 3205 994 3286 etei,
1020 3225 1078 3296 per
1103 3225 1196 3295 quem
1222 3204 1312 3286 estis,
1339 3205 1443 3274 vivitis
1463 3211 1497 3274 et

325 3333 468 3415 habetis,
493 3331 669 3402 secundum
695 3329 867 3402 facultates
892 3329 1041 3422 proprias
1064 3329 1242 3400 subvenite.
1272 3331 1346 3424 lpse
1370 3329 1498 3422 quidem

324 3483 385 3553 pro
412 3458 503 3529 vobis
529 3459 737 3552 semetipsum
761 3457 948 3539 exinanivit,
976 3457 1111 3526 formam
1144 3458 1227 3527 servi
1255 3459 1434 3550 accipiens,
1468 3461 1498 3530 io

325 3585 559 3658 similitudinem
590 3584 752 3656 bominum
783 3585 907 3667 lactus,
939 3589 972 3654 et
1004 3583 1113 3654 babitu
1146 3585 1292 3655 iuventus
1319 3591 1355 3655 ut
1386 3585 1497 3669 bomo,

326 3714 433 3784 lactus
461 3712 617 3784 obediens
645 3735 747 3806 usque
775 3711 815 3782 ad
841 3717 996 3795 mortem,
1025 3719 1161 3782 mortem
1180 3718 1286 3782 autern
1304 3712 1431 3793 crucis;
1466 3720 1498 3784 et

326 3863 385 3911 vos
404 3862 444 3910 eo
463 3863 606 3933 paupere
626 3839 805 3922 abundatis,
833 3841 903 3933 ipso
922 3839 1036 3931 fugato
1057 3839 1241 3932 quiescitis,
1266 3847 1300 3910 et
1319 3863 1381 3910 nec
1399 3841 1497 3934 inopi,

328 3989 390 4038 uec
414 3965 495 4034 exuli
521 3965 725 4036 subvenitis?
753 3967 903 4060 Quisquis
931 3967 1029 4059 igitur
1054 3968 1085 4036 in
1113 3971 1222 4036 tantae
1250 3967 1499 4038 necessitudinis

328 4091 463 4164 articulo
484 4115 576 4162 suum
595 4093 764 4184 negaverit
783 4093 971 4186 obsequium
989 4095 1067 4164 Jesu
1087 4093 1229 4175 Christo,
1250 4115 1322 4163 cum
1342 4099 1420 4166 ante
1438 4095 1497 4164 tri·

327 4217 424 4289 bunal
449 4219 519 4312 ejus
547 4219 688 4290 astiterit
706 4217 919 4311 judicandus,
946 4219 1022 4310 quid
1041 4219 1082 4290 ad
1101 4243 1190 4290 suam
1209 4221 1452 4292 excusationem
1471 4223 1498 4292 ei

328 4345 450 4440 poterit
466 4343 692 4439 respondere?
720 4346 755 4416 Si
778 4345 864 4416 Deus
882 4345 980 4416 subiit
997 4353 1133 4416 mortem
1151 4369 1211 4439 pro
1232 4347 1377 4430 bomine,
1406 4348 1499 4418 dubi·

328 4473 411 4545 tabit
434 4474 530 4546 bomo
554 4479 691 4544 mortem
716 4471 825 4543 subire
850 4495 909 4564 pro
935 4473 1023 4555 Deo,
1051 4497 1123 4546 cum
1142 4497 1205 4544 nou
1229 4475 1293 4544 sint
1318 4476 1500 4569 condignae

329 4601 495 4696 passiones
519 4599 616 4694 hujus
635 4599 789 4692 temporis
814 4597 854 4670 ad
879 4597 1017 4670 futuram
1038 4601 1184 4693 gloriam,
1205 4625 1287 4694 quae
1306 4601 1502 4676 revelabitur
