<?xml version="1.0" encoding="UTF-8"?>
<!DOCTYPE html PUBLIC "-//W3C//DTD XHTML 1.0 Transitional//EN"
    "http://www.w3.org/TR/xhtml1/DTD/xhtml1-transitional.dtd">
<html xmlns="http://www.w3.org/1999/xhtml" xml:lang="en" lang="en">
 <head>
  <title>
</title>
<meta http-equiv="Content-Type" content="text/html;charset=utf-8" />
  <meta name='ocr-system' content='tesseract 3.04.00' />
  <meta name='ocr-capabilities' content='ocr_page ocr_carea ocr_par ocr_line ocrx_word'/>
</head>
<body>
  <div class='ocr_page' id='page_1' title='image "./fontesrerumaust07kommgoog_0136.png"; bbox 0 0 3130 5082; ppageno 0'>
   <div class='ocr_carea' id='block_1_1' title="bbox 12 4 275 130">
    <p class='ocr_par' dir='ltr' id='par_1_1' title="bbox 12 4 275 160">
     <span class='ocr_line' id='line_1_1' title="bbox 12 4 275 130; baseline 0 -122"><span class='ocrx_word' id='word_1_1' title='bbox 12 4 275 130; x_wconf 31' lang='grc' dir='ltr'><strong>ᾗ,</strong></span> 
     </span>
    </p>
   </div>
   <div class='ocr_carea' id='block_1_2' title="bbox 187 377 1250 446">
    <p class='ocr_par' dir='ltr' id='par_1_2' title="bbox 187 377 1250 446">
     <span class='ocr_line' id='line_1_2' title="bbox 187 377 1250 446; baseline 0.007 -6"><span class='ocrx_word' id='word_1_2' title='bbox 187 387 330 442; x_wconf 74' lang='lat' dir='ltr'><strong>Foeoenrs</strong></span> <span class='ocrx_word' id='word_1_3' title='bbox 343 389 487 442; x_wconf 76' lang='lat' dir='ltr'><strong>Anrxmru</strong></span> <span class='ocrx_word' id='word_1_4' title='bbox 502 407 553 444; x_wconf 83' lang='lat' dir='ltr'><strong>ren</strong></span> <span class='ocrx_word' id='word_1_5' title='bbox 567 390 753 444; x_wconf 70' lang='lat' dir='ltr'><strong>bennonem</strong></span> <span class='ocrx_word' id='word_1_6' title='bbox 767 386 934 444; x_wconf 69' lang='lat' dir='ltr'><strong>Coronarum</strong></span> <span class='ocrx_word' id='word_1_7' title='bbox 950 405 1121 444; x_wconf 75' lang='lat' dir='ltr'><strong>renovante.</strong></span> <span class='ocrx_word' id='word_1_8' title='bbox 1178 377 1190 446; x_wconf 94' lang='grc'><strong>1</strong></span> <span class='ocrx_word' id='word_1_9' title='bbox 1205 377 1250 446; x_wconf 86' lang='grc'><strong>13</strong></span> 
     </span>
    </p>
   </div>
   <div class='ocr_carea' id='block_1_3' title="bbox 12 556 1322 2538">
    <p class='ocr_par' dir='ltr' id='par_1_3' title="bbox 12 556 1322 2538">
     <span class='ocr_line' id='line_1_3' title="bbox 149 556 1252 653; baseline 0.001 -28"><span class='ocrx_word' id='word_1_10' title='bbox 149 556 203 628; x_wconf 93' lang='lat' dir='ltr'><strong>llis</strong></span> <span class='ocrx_word' id='word_1_11' title='bbox 218 559 265 627; x_wconf 90' lang='lat' dir='ltr'><strong>sic</strong></span> <span class='ocrx_word' id='word_1_12' title='bbox 279 558 320 626; x_wconf 88' lang='lat' dir='ltr'><strong>ab</strong></span> <span class='ocrx_word' id='word_1_13' title='bbox 340 559 478 651; x_wconf 90' lang='lat' dir='ltr'><strong>lmpcrio</strong></span> <span class='ocrx_word' id='word_1_14' title='bbox 498 568 612 630; x_wconf 87' lang='lat' dir='ltr'><strong>nostro</strong></span> <span class='ocrx_word' id='word_1_15' title='bbox 633 559 763 630; x_wconf 82' lang='lat' dir='ltr'><strong>donatis</strong></span> <span class='ocrx_word' id='word_1_16' title='bbox 782 583 842 652; x_wconf 91' lang='lat' dir='ltr'><strong>per</strong></span> <span class='ocrx_word' id='word_1_17' title='bbox 860 582 999 653; x_wconf 80' lang='lat' dir='ltr'>presens</span> <span class='ocrx_word' id='word_1_18' title='bbox 1018 556 1252 652; x_wconf 79' lang='lat' dir='ltr'><strong>chrysubulum</strong></span> 
     </span>
     <span class='ocr_line' id='line_1_4' title="bbox 70 679 1252 779; baseline 0.002 -30"><span class='ocrx_word' id='word_1_19' title='bbox 70 679 192 752; x_wconf 89' lang='lat' dir='ltr'><strong>uerbum</strong></span> <span class='ocrx_word' id='word_1_20' title='bbox 212 683 416 754; x_wconf 78' lang='lat' dir='ltr'><strong>celsitudinis</strong></span> <span class='ocrx_word' id='word_1_21' title='bbox 443 694 573 768; x_wconf 89' lang='lat' dir='ltr'><strong>nostre,</strong></span> <span class='ocrx_word' id='word_1_22' title='bbox 602 687 746 779; x_wconf 86' lang='lat' dir='ltr'><strong>exceptis</strong></span> <span class='ocrx_word' id='word_1_23' title='bbox 764 684 1023 779; x_wconf 81' lang='lat' dir='ltr'><strong>proximantibus</strong></span> <span class='ocrx_word' id='word_1_24' title='bbox 1040 683 1091 754; x_wconf 91' lang='lat' dir='ltr'><strong>his</strong></span> <span class='ocrx_word' id='word_1_25' title='bbox 1110 680 1252 766; x_wconf 85' lang='lat' dir='ltr'><strong>donatis,</strong></span> 
     </span>
     <span class='ocr_line' id='line_1_5' title="bbox 70 807 1253 898; baseline 0.002 -22"><span class='ocrx_word' id='word_1_26' title='bbox 70 807 162 898; x_wconf 86' lang='lat' dir='ltr'><strong>portis</strong></span> <span class='ocrx_word' id='word_1_27' title='bbox 188 807 361 894; x_wconf 90' lang='lat' dir='ltr'><strong>uidelicet,</strong></span> <span class='ocrx_word' id='word_1_28' title='bbox 388 812 489 880; x_wconf 91' lang='lat' dir='ltr'><strong>muris</strong></span> <span class='ocrx_word' id='word_1_29' title='bbox 514 819 547 881; x_wconf 89' lang='lat' dir='ltr'><strong>et</strong></span> <span class='ocrx_word' id='word_1_30' title='bbox 573 813 710 882; x_wconf 89' lang='lat' dir='ltr'><strong>cortinis</strong></span> <span class='ocrx_word' id='word_1_31' title='bbox 729 834 895 882; x_wconf 89' lang='lat' dir='ltr'><strong>murorum</strong></span> <span class='ocrx_word' id='word_1_32' title='bbox 915 809 1066 891; x_wconf 87' lang='lat' dir='ltr'><strong>civitatis,</strong></span> <span class='ocrx_word' id='word_1_33' title='bbox 1087 809 1253 880; x_wconf 88' lang='lat' dir='ltr'><strong>habebunt</strong></span> 
     </span>
     <span class='ocr_line' id='line_1_6' title="bbox 69 901 1250 1030; baseline 0.004 -31"><span class='ocrx_word' id='word_1_34' title='bbox 69 931 201 1004; x_wconf 75' lang='lat' dir='ltr'><strong>Venetici</strong></span> <span class='ocrx_word' id='word_1_35' title='bbox 222 933 296 1015; x_wconf 84' lang='lat' dir='ltr'><strong>bec,</strong></span> <span class='ocrx_word' id='word_1_36' title='bbox 318 901 576 1007; x_wconf 81' lang='lat' dir='ltr'><strong>deuotionemlct</strong></span> <span class='ocrx_word' id='word_1_37' title='bbox 590 907 699 1020; x_wconf 76' lang='lat' dir='ltr'><strong>fidem,</strong></span> <span class='ocrx_word' id='word_1_38' title='bbox 719 959 815 1030; x_wconf 91' lang='lat' dir='ltr'><strong>quam</strong></span> <span class='ocrx_word' id='word_1_39' title='bbox 831 937 968 1030; x_wconf 91' lang='lat' dir='ltr'><strong>lmperio</strong></span> <span class='ocrx_word' id='word_1_40' title='bbox 985 943 1100 1005; x_wconf 93' lang='lat' dir='ltr'><strong>nostro</strong></span> <span class='ocrx_word' id='word_1_41' title='bbox 1118 935 1250 1016; x_wconf 88' lang='lat' dir='ltr'><strong>debent,</strong></span> 
     </span>
     <span class='ocr_line' id='line_1_7' title="bbox 69 1061 1252 1156; baseline 0.002 -28"><span class='ocrx_word' id='word_1_42' title='bbox 69 1067 247 1143; x_wconf 84' lang='lat' dir='ltr'><strong>seruantes,</strong></span> <span class='ocrx_word' id='word_1_43' title='bbox 273 1062 452 1132; x_wconf 90' lang='lat' dir='ltr'><strong>secundum</strong></span> <span class='ocrx_word' id='word_1_44' title='bbox 482 1063 570 1154; x_wconf 94' lang='lat' dir='ltr'><strong>quod</strong></span> <span class='ocrx_word' id='word_1_45' title='bbox 595 1071 630 1132; x_wconf 93' lang='lat' dir='ltr'><strong>ct</strong></span> <span class='ocrx_word' id='word_1_46' title='bbox 653 1086 713 1156; x_wconf 92' lang='lat' dir='ltr'><strong>per</strong></span> <span class='ocrx_word' id='word_1_47' title='bbox 738 1085 795 1146; x_wconf 90' lang='lat' dir='ltr'><strong>ca,</strong></span> <span class='ocrx_word' id='word_1_48' title='bbox 822 1081 886 1155; x_wconf 92' lang='lat' dir='ltr'><strong>quc</strong></span> <span class='ocrx_word' id='word_1_49' title='bbox 910 1061 1001 1154; x_wconf 91' lang='lat' dir='ltr'><strong>prius</strong></span> <span class='ocrx_word' id='word_1_50' title='bbox 1028 1061 1137 1153; x_wconf 77' lang='lat' dir='ltr'><strong>adepti</strong></span> <span class='ocrx_word' id='word_1_51' title='bbox 1163 1065 1252 1143; x_wconf 89' lang='lat' dir='ltr'><strong>sunt,</strong></span> 
     </span>
     <span class='ocr_line' id='line_1_8' title="bbox 70 1185 1253 1281; baseline -0.001 -25"><span class='ocrx_word' id='word_1_52' title='bbox 70 1186 252 1279; x_wconf 75' lang='lat' dir='ltr'><strong>chrysubulo</strong></span> <span class='ocrx_word' id='word_1_53' title='bbox 272 1185 357 1255; x_wconf 85' lang='lat' dir='ltr'><strong>hanc</strong></span> <span class='ocrx_word' id='word_1_54' title='bbox 376 1209 512 1258; x_wconf 86' lang='lat' dir='ltr'><strong>seruarc</strong></span> <span class='ocrx_word' id='word_1_55' title='bbox 530 1193 698 1271; x_wconf 86' lang='lat' dir='ltr'><strong>tenentur,</strong></span> <span class='ocrx_word' id='word_1_56' title='bbox 723 1189 958 1281; x_wconf 91' lang='lat' dir='ltr'><strong>cuiuscumque</strong></span> <span class='ocrx_word' id='word_1_57' title='bbox 977 1186 1065 1280; x_wconf 91' lang='lat' dir='ltr'><strong>juris</strong></span> <span class='ocrx_word' id='word_1_58' title='bbox 1084 1187 1162 1270; x_wconf 89' lang='lat' dir='ltr'><strong>siut,</strong></span> <span class='ocrx_word' id='word_1_59' title='bbox 1182 1187 1253 1256; x_wconf 88' lang='lat' dir='ltr'><strong>siue</strong></span> 
     </span>
     <span class='ocr_line' id='line_1_9' title="bbox 71 1311 1253 1407; baseline 0.003 -29"><span class='ocrx_word' id='word_1_60' title='bbox 71 1311 273 1381; x_wconf 81' lang='lat' dir='ltr'><strong>ecelesiastici</strong></span> <span class='ocrx_word' id='word_1_61' title='bbox 296 1312 401 1403; x_wconf 90' lang='lat' dir='ltr'><strong>juris,</strong></span> <span class='ocrx_word' id='word_1_62' title='bbox 430 1313 501 1382; x_wconf 89' lang='lat' dir='ltr'><strong>sinc</strong></span> <span class='ocrx_word' id='word_1_63' title='bbox 528 1315 575 1383; x_wconf 90' lang='lat' dir='ltr'><strong>rei</strong></span> <span class='ocrx_word' id='word_1_64' title='bbox 604 1313 752 1406; x_wconf 90' lang='lat' dir='ltr'><strong>publice,</strong></span> <span class='ocrx_word' id='word_1_65' title='bbox 782 1313 852 1384; x_wconf 86' lang='lat' dir='ltr'><strong>siue</strong></span> <span class='ocrx_word' id='word_1_66' title='bbox 872 1315 1019 1407; x_wconf 88' lang='lat' dir='ltr'><strong>priuatc‚</strong></span> <span class='ocrx_word' id='word_1_67' title='bbox 1048 1313 1119 1382; x_wconf 87' lang='lat' dir='ltr'><strong>siue</strong></span> <span class='ocrx_word' id='word_1_68' title='bbox 1138 1317 1253 1381; x_wconf 86' lang='lat' dir='ltr'><strong>sancte</strong></span> 
     </span>
     <span class='ocr_line' id='line_1_10' title="bbox 71 1435 1254 1521; baseline 0 -16"><span class='ocrx_word' id='word_1_69' title='bbox 71 1435 190 1518; x_wconf 90' lang='lat' dir='ltr'><strong>domus,</strong></span> <span class='ocrx_word' id='word_1_70' title='bbox 217 1435 272 1505; x_wconf 90' lang='lat' dir='ltr'><strong>uel</strong></span> <span class='ocrx_word' id='word_1_71' title='bbox 301 1439 499 1521; x_wconf 72' lang='lat' dir='ltr'><strong>monastice,</strong></span> <span class='ocrx_word' id='word_1_72' title='bbox 526 1437 613 1509; x_wconf 84' lang='lat' dir='ltr'><strong>nulla</strong></span> <span class='ocrx_word' id='word_1_73' title='bbox 633 1439 763 1510; x_wconf 84' lang='lat' dir='ltr'><strong>actione</strong></span> <span class='ocrx_word' id='word_1_74' title='bbox 785 1441 894 1510; x_wconf 90' lang='lat' dir='ltr'><strong>locum</strong></span> <span class='ocrx_word' id='word_1_75' title='bbox 912 1437 1085 1508; x_wconf 83' lang='lat' dir='ltr'><strong>exercendi</strong></span> <span class='ocrx_word' id='word_1_76' title='bbox 1111 1436 1254 1506; x_wconf 84' lang='lat' dir='ltr'><strong>habente</strong></span> 
     </span>
     <span class='ocr_line' id='line_1_11' title="bbox 70 1561 1252 1658; baseline -0.001 -27"><span class='ocrx_word' id='word_1_77' title='bbox 70 1571 171 1632; x_wconf 72' lang='lat' dir='ltr'><strong>conns</strong></span> <span class='ocrx_word' id='word_1_78' title='bbox 192 1586 253 1632; x_wconf 91' lang='lat' dir='ltr'><strong>cos</strong></span> <span class='ocrx_word' id='word_1_79' title='bbox 273 1563 382 1654; x_wconf 82' lang='lat' dir='ltr'><strong>gratia</strong></span> <span class='ocrx_word' id='word_1_80' title='bbox 401 1561 529 1634; x_wconf 90' lang='lat' dir='ltr'><strong>horum.</strong></span> <span class='ocrx_word' id='word_1_81' title='bbox 559 1565 594 1633; x_wconf 92' lang='lat' dir='ltr'><strong>Si</strong></span> <span class='ocrx_word' id='word_1_82' title='bbox 622 1589 703 1635; x_wconf 93' lang='lat' dir='ltr'><strong>uero</strong></span> <span class='ocrx_word' id='word_1_83' title='bbox 724 1566 882 1658; x_wconf 83' lang='lat' dir='ltr'><strong>quispiam</strong></span> <span class='ocrx_word' id='word_1_84' title='bbox 901 1565 990 1634; x_wconf 82' lang='lat' dir='ltr'><strong>torte</strong></span> <span class='ocrx_word' id='word_1_85' title='bbox 1009 1563 1252 1633; x_wconf 80' lang='lat' dir='ltr'><strong>infestationem</strong></span> 
     </span>
     <span class='ocr_line' id='line_1_12' title="bbox 12 1687 1253 1782; baseline 0 -26"><span class='ocrx_word' id='word_1_86' title='bbox 12 1759 13 1764; x_wconf 62' lang='grc'>,</span> <span class='ocrx_word' id='word_1_87' title='bbox 70 1689 109 1756; x_wconf 90' lang='lat' dir='ltr'><strong>eis</strong></span> <span class='ocrx_word' id='word_1_88' title='bbox 126 1687 287 1760; x_wconf 83' lang='lat' dir='ltr'><strong>induxerit</strong></span> <span class='ocrx_word' id='word_1_89' title='bbox 306 1691 413 1780; x_wconf 79' lang='lat' dir='ltr'><strong>gratia</strong></span> <span class='ocrx_word' id='word_1_90' title='bbox 432 1691 660 1772; x_wconf 87' lang='lat' dir='ltr'><strong>conuincendi‚</strong></span> <span class='ocrx_word' id='word_1_91' title='bbox 681 1699 737 1761; x_wconf 86' lang='lat' dir='ltr'><strong>aut</strong></span> <span class='ocrx_word' id='word_1_92' title='bbox 751 1690 923 1760; x_wconf 77' lang='lat' dir='ltr'><strong>auferendi</strong></span> <span class='ocrx_word' id='word_1_93' title='bbox 939 1689 1109 1782; x_wconf 84' lang='lat' dir='ltr'><strong>quicquam</strong></span> <span class='ocrx_word' id='word_1_94' title='bbox 1126 1709 1253 1769; x_wconf 88' lang='lat' dir='ltr'><strong>eorum,</strong></span> 
     </span>
     <span class='ocr_line' id='line_1_13' title="bbox 12 1815 1254 1912; baseline 0.001 -30"><span class='ocrx_word' id='word_1_95' title='bbox 12 1861 13 1912; x_wconf 33' lang='lat' dir='ltr'><strong>q</strong></span> <span class='ocrx_word' id='word_1_96' title='bbox 72 1835 126 1904; x_wconf 92' lang='lat' dir='ltr'><strong>que</strong></span> <span class='ocrx_word' id='word_1_97' title='bbox 144 1816 202 1896; x_wconf 92' lang='lat' dir='ltr'><strong>eis,</strong></span> <span class='ocrx_word' id='word_1_98' title='bbox 222 1823 260 1884; x_wconf 91' lang='lat' dir='ltr'><strong>ut</strong></span> <span class='ocrx_word' id='word_1_99' title='bbox 279 1815 401 1886; x_wconf 85' lang='lat' dir='ltr'><strong>dictum</strong></span> <span class='ocrx_word' id='word_1_100' title='bbox 422 1823 492 1900; x_wconf 89' lang='lat' dir='ltr'><strong>est,</strong></span> <span class='ocrx_word' id='word_1_101' title='bbox 516 1816 591 1888; x_wconf 88' lang='lat' dir='ltr'><strong>data</strong></span> <span class='ocrx_word' id='word_1_102' title='bbox 611 1823 704 1896; x_wconf 78' lang='lat' dir='ltr'><strong>suut,</strong></span> <span class='ocrx_word' id='word_1_103' title='bbox 731 1816 1000 1888; x_wconf 87' lang='lat' dir='ltr'><strong>inremissibiliter</strong></span> <span class='ocrx_word' id='word_1_104' title='bbox 1025 1815 1216 1884; x_wconf 89' lang='lat' dir='ltr'><strong>multabitur</strong></span> <span class='ocrx_word' id='word_1_105' title='bbox 1235 1837 1254 1883; x_wconf 90' lang='lat' dir='ltr'><strong>a</strong></span> 
     </span>
     <span class='ocr_line' id='line_1_14' title="bbox 12 1943 1253 2035; baseline 0 -28"><span class='ocrx_word' id='word_1_106' title='bbox 12 1987 13 1994; x_wconf 19' lang='grc' dir='ltr'><strong>κ</strong></span> <span class='ocrx_word' id='word_1_107' title='bbox 71 1947 191 2010; x_wconf 87' lang='lat' dir='ltr'><strong>secreto</strong></span> <span class='ocrx_word' id='word_1_108' title='bbox 224 1943 276 2035; x_wconf 91' lang='lat' dir='ltr'><strong>epi</strong></span> <span class='ocrx_word' id='word_1_109' title='bbox 295 1948 355 2012; x_wconf 87' lang='lat' dir='ltr'><strong>ton</strong></span> <span class='ocrx_word' id='word_1_110' title='bbox 373 1943 512 2034; x_wconf 80' lang='lat' dir='ltr'><strong>ykiacon</strong></span> <span class='ocrx_word' id='word_1_111' title='bbox 544 1943 575 2012; x_wconf 94' lang='lat' dir='ltr'><strong>in</strong></span> <span class='ocrx_word' id='word_1_112' title='bbox 609 1943 723 2014; x_wconf 91' lang='lat' dir='ltr'><strong>decem</strong></span> <span class='ocrx_word' id='word_1_113' title='bbox 756 1943 846 2012; x_wconf 91' lang='lat' dir='ltr'><strong>libris</strong></span> <span class='ocrx_word' id='word_1_114' title='bbox 874 1944 960 2024; x_wconf 84' lang='lat' dir='ltr'><strong>arui,</strong></span> <span class='ocrx_word' id='word_1_115' title='bbox 992 1943 1086 2012; x_wconf 83' lang='lat' dir='ltr'><strong>firmo</strong></span> <span class='ocrx_word' id='word_1_116' title='bbox 1117 1947 1151 2012; x_wconf 89' lang='lat' dir='ltr'><strong>et</strong></span> <span class='ocrx_word' id='word_1_117' title='bbox 1177 1945 1253 2009; x_wconf 87' lang='lat' dir='ltr'><strong>rato</strong></span> 
     </span>
     <span class='ocr_line' id='line_1_15' title="bbox 12 2066 1254 2162; baseline 0.002 -30"><span class='ocrx_word' id='word_1_118' title='bbox 12 2117 13 2122; x_wconf 31' lang='lat'>1</span> <span class='ocrx_word' id='word_1_119' title='bbox 72 2066 219 2137; x_wconf 84' lang='lat' dir='ltr'><strong>existente</strong></span> <span class='ocrx_word' id='word_1_120' title='bbox 246 2075 403 2160; x_wconf 84' lang='lat' dir='ltr'><strong>presente</strong></span> <span class='ocrx_word' id='word_1_121' title='bbox 435 2069 634 2162; x_wconf 80' lang='lat' dir='ltr'><strong>chrysubulo</strong></span> <span class='ocrx_word' id='word_1_122' title='bbox 664 2069 768 2139; x_wconf 91' lang='lat' dir='ltr'><strong>uerbo</strong></span> <span class='ocrx_word' id='word_1_123' title='bbox 797 2069 970 2138; x_wconf 86' lang='lat' dir='ltr'><strong>clementie</strong></span> <span class='ocrx_word' id='word_1_124' title='bbox 998 2075 1132 2150; x_wconf 90' lang='lat' dir='ltr'><strong>nostre,</strong></span> <span class='ocrx_word' id='word_1_125' title='bbox 1163 2067 1254 2136; x_wconf 90' lang='lat' dir='ltr'><strong>lacto</strong></span> 
     </span>
     <span class='ocr_line' id='line_1_16' title="bbox 12 2193 1254 2318; baseline 0.002 -60"><span class='ocrx_word' id='word_1_126' title='bbox 12 2291 17 2318; x_wconf 20' lang='lat' dir='ltr'><strong>q</strong></span> <span class='ocrx_word' id='word_1_127' title='bbox 71 2211 171 2262; x_wconf 88' lang='lat' dir='ltr'><strong>meuse</strong></span> <span class='ocrx_word' id='word_1_128' title='bbox 199 2193 322 2264; x_wconf 84' lang='lat' dir='ltr'><strong>llarcio</strong></span> <span class='ocrx_word' id='word_1_129' title='bbox 348 2193 533 2306; x_wconf 74' lang='lat' dir='ltr'><strong>ipdictionis</strong></span> <span class='ocrx_word' id='word_1_130' title='bbox 559 2195 730 2264; x_wconf 91' lang='lat' dir='ltr'><strong>undecime</strong></span> <span class='ocrx_word' id='word_1_131' title='bbox 761 2219 817 2264; x_wconf 83' lang='lat' dir='ltr'><strong>sex</strong></span> <span class='ocrx_word' id='word_1_132' title='bbox 850 2194 996 2263; x_wconf 90' lang='lat' dir='ltr'><strong>milesimi</strong></span> <span class='ocrx_word' id='word_1_133' title='bbox 1023 2195 1254 2263; x_wconf 82' lang='lat' dir='ltr'><strong>sexcentesimi</strong></span> 
     </span>
     <span class='ocr_line' id='line_1_17' title="bbox 12 2317 1322 2415; baseline 0.001 -29"><span class='ocrx_word' id='word_1_134' title='bbox 12 2323 13 2350; x_wconf 70' lang='lat'>³</span> <span class='ocrx_word' id='word_1_135' title='bbox 72 2317 320 2412; x_wconf 77' lang='lat' dir='ltr'><strong>quinquagesimi</strong></span> <span class='ocrx_word' id='word_1_136' title='bbox 349 2321 437 2414; x_wconf 84' lang='lat' dir='ltr'><strong>sexti</strong></span> <span class='ocrx_word' id='word_1_137' title='bbox 461 2321 552 2400; x_wconf 88' lang='lat' dir='ltr'><strong>anui,</strong></span> <span class='ocrx_word' id='word_1_138' title='bbox 581 2321 613 2389; x_wconf 96' lang='lat' dir='ltr'><strong>in</strong></span> <span class='ocrx_word' id='word_1_139' title='bbox 645 2343 710 2414; x_wconf 92' lang='lat' dir='ltr'><strong>quo</strong></span> <span class='ocrx_word' id='word_1_140' title='bbox 740 2329 775 2389; x_wconf 91' lang='lat' dir='ltr'><strong>ct</strong></span> <span class='ocrx_word' id='word_1_141' title='bbox 803 2327 950 2391; x_wconf 86' lang='lat' dir='ltr'><strong>nostrum</strong></span> <span class='ocrx_word' id='word_1_142' title='bbox 978 2321 1066 2412; x_wconf 93' lang='lat' dir='ltr'><strong>pium</strong></span> <span class='ocrx_word' id='word_1_143' title='bbox 1094 2325 1128 2388; x_wconf 91' lang='lat' dir='ltr'><strong>et</strong></span> <span class='ocrx_word' id='word_1_144' title='bbox 1153 2318 1254 2388; x_wconf 89' lang='lat' dir='ltr'><strong>adeo</strong></span> <span class='ocrx_word' id='word_1_145' title='bbox 1319 2408 1322 2415; x_wconf 25' lang='grc' dir='ltr'>Ι</span> 
     </span>
     <span class='ocr_line' id='line_1_18' title="bbox 71 2445 705 2538; baseline 0.003 -26"><span class='ocrx_word' id='word_1_146' title='bbox 71 2451 247 2534; x_wconf 87' lang='lat' dir='ltr'><strong>promotum</strong></span> <span class='ocrx_word' id='word_1_147' title='bbox 266 2445 475 2538; x_wconf 81' lang='lat' dir='ltr'><strong>subsignauit</strong></span> <span class='ocrx_word' id='word_1_148' title='bbox 493 2445 705 2538; x_wconf 85' lang='lat' dir='ltr'><strong>lmpcrium“.</strong></span> 
     </span>
    </p>
   </div>
   <div class='ocr_carea' id='block_1_4' title="bbox 640 2625 694 2694">
    <p class='ocr_par' dir='ltr' id='par_1_4' title="bbox 640 2625 694 2694">
     <span class='ocr_line' id='line_1_19' title="bbox 640 2625 694 2694; baseline 0 0"><span class='ocrx_word' id='word_1_149' title='bbox 640 2625 694 2694; x_wconf 85' lang='lat' dir='ltr'><strong>bl.</strong></span> 
     </span>
    </p>
   </div>
   <div class='ocr_carea' id='block_1_5' title="bbox 192 2713 1243 2965">
    <p class='ocr_par' dir='ltr' id='par_1_5' title="bbox 192 2713 1243 2965">
     <span class='ocr_line' id='line_1_20' title="bbox 192 2713 1243 2848; baseline 0 -22"><span class='ocrx_word' id='word_1_150' title='bbox 192 2713 332 2830; x_wconf 70' lang='lat' dir='ltr'><strong>laederis</strong></span> <span class='ocrx_word' id='word_1_151' title='bbox 349 2767 487 2830; x_wconf 82' lang='lat' dir='ltr'><strong>llcxlerl</strong></span> <span class='ocrx_word' id='word_1_152' title='bbox 502 2785 556 2848; x_wconf 83' lang='lat' dir='ltr'><strong>per</strong></span> <span class='ocrx_word' id='word_1_153' title='bbox 571 2764 758 2829; x_wconf 77' lang='lat' dir='ltr'><strong>hneruelen</strong></span> <span class='ocrx_word' id='word_1_154' title='bbox 775 2763 1131 2828; x_wconf 71' lang='lat' dir='ltr'><strong>connerinensem.</strong></span> <span class='ocrx_word' id='word_1_155' title='bbox 1240 2807 1243 2814; x_wconf 79' lang='lat'><em>,</em></span> 
     </span>
     <span class='ocr_line' id='line_1_21' title="bbox 486 2903 836 2965; baseline -0.003 -6"><span class='ocrx_word' id='word_1_156' title='bbox 486 2905 518 2959; x_wconf 85' lang='grc' dir='ltr'><strong>Α.</strong></span> <span class='ocrx_word' id='word_1_157' title='bbox 534 2905 653 2965; x_wconf 82' lang='grc'><strong>(1.1118,</strong></span> <span class='ocrx_word' id='word_1_158' title='bbox 671 2921 705 2959; x_wconf 90' lang='lat' dir='ltr'><strong>m.</strong></span> <span class='ocrx_word' id='word_1_159' title='bbox 718 2903 836 2958; x_wconf 82' lang='lat' dir='ltr'><strong>Octobri.</strong></span> 
     </span>
    </p>
   </div>
   <div class='ocr_carea' id='block_1_6' title="bbox 16 3029 1392 4416">
    <p class='ocr_par' dir='ltr' id='par_1_6' title="bbox 15 3029 1392 4416">
     <span class='ocr_line' id='line_1_22' title="bbox 151 3029 1256 3120; baseline 0 -26"><span class='ocrx_word' id='word_1_160' title='bbox 151 3031 218 3095; x_wconf 84' lang='lat' dir='ltr'><strong>bib.</strong></span> <span class='ocrx_word' id='word_1_161' title='bbox 228 3032 295 3095; x_wconf 77' lang='lat' dir='ltr'><strong>Alb.</strong></span> <span class='ocrx_word' id='word_1_162' title='bbox 304 3033 451 3096; x_wconf 62' lang='lat' dir='ltr'><strong>tote-5</strong></span> <span class='ocrx_word' id='word_1_163' title='bbox 462 3033 628 3096; x_wconf 87' lang='lat' dir='ltr'><strong>boctitulo:</strong></span> <span class='ocrx_word' id='word_1_164' title='bbox 643 3033 847 3120; x_wconf 77' lang='lat' dir='ltr'><strong>Pn&#39;eilepiom</strong></span> <span class='ocrx_word' id='word_1_165' title='bbox 858 3031 1041 3098; x_wconf 77' lang='lat' dir='ltr'><strong>Emanuelie</strong></span> <span class='ocrx_word' id='word_1_166' title='bbox 1050 3029 1256 3117; x_wconf 80' lang='lat' dir='ltr'><strong>Imperatoria</strong></span> 
     </span>
     <span class='ocr_line' id='line_1_23' title="bbox 74 3137 1392 3228; baseline 0.002 -28"><span class='ocrx_word' id='word_1_167' title='bbox 74 3137 724 3228; x_wconf 69' lang='lat' dir='ltr'><strong>Constantinopolitoni,hodenalntercloea</strong></span> <span class='ocrx_word' id='word_1_168' title='bbox 735 3138 1255 3228; x_wconf 80' lang='lat' dir='ltr'><strong>priuilepioJohannislmperato·</strong></span> <span class='ocrx_word' id='word_1_169' title='bbox 1390 3163 1392 3169; x_wconf 93' lang='lat'>·</span> 
     </span>
     <span class='ocr_line' id='line_1_24' title="bbox 72 3243 1254 3336; baseline 0 -27"><span class='ocrx_word' id='word_1_170' title='bbox 72 3243 1254 3336; x_wconf 67' lang='lat' dir='ltr'><strong>anonetoretiaopolitonieieepotrisetdlcoeiiComm‘onoeimuvdsoctom</strong></span> 
     </span>
     <span class='ocr_line' id='line_1_25' title="bbox 71 3352 1254 3440; baseline 0.002 -25.91"><span class='ocrx_word' id='word_1_171' title='bbox 71 3352 183 3420; x_wconf 80' lang='lat' dir='ltr'><strong>domino</strong></span> <span class='ocrx_word' id='word_1_172' title='bbox 199 3359 296 3422; x_wconf 82' lang='lat' dir='ltr'><strong>Petro</strong></span> <span class='ocrx_word' id='word_1_173' title='bbox 310 3359 436 3430; x_wconf 78' lang='lat' dir='ltr'><strong>Potoni,</strong></span> <span class='ocrx_word' id='word_1_174' title='bbox 449 3359 535 3422; x_wconf 80' lang='lat' dir='ltr'><strong>Duri</strong></span> <span class='ocrx_word' id='word_1_175' title='bbox 553 3355 686 3422; x_wconf 80' lang='lat' dir='ltr'><strong>Venerio.</strong></span> <span class='ocrx_word' id='word_1_176' title='bbox 712 3355 778 3440; x_wconf 63' lang='lat' dir='ltr'><strong>lpib.</strong></span> <span class='ocrx_word' id='word_1_177' title='bbox 795 3356 878 3420; x_wconf 85' lang='lat' dir='ltr'><strong>Pect.</strong></span> <span class='ocrx_word' id='word_1_178' title='bbox 892 3355 914 3432; x_wconf 89' lang='lat' dir='ltr'><strong>l,</strong></span> <span class='ocrx_word' id='word_1_179' title='bbox 932 3355 985 3418; x_wconf 90' lang='grc'><strong>99.</strong></span> <span class='ocrx_word' id='word_1_180' title='bbox 998 3355 1036 3418; x_wconf 85' lang='lat' dir='ltr'><strong>Et</strong></span> <span class='ocrx_word' id='word_1_181' title='bbox 1048 3354 1128 3416; x_wconf 90' lang='lat' dir='ltr'><strong>inest</strong></span> <span class='ocrx_word' id='word_1_182' title='bbox 1144 3355 1174 3416; x_wconf 93' lang='lat' dir='ltr'><strong>in</strong></span> <span class='ocrx_word' id='word_1_183' title='bbox 1186 3352 1254 3418; x_wconf 85' lang='lat' dir='ltr'><strong>Lib.</strong></span> 
     </span>
     <span class='ocr_line' id='line_1_26' title="bbox 70 3457 1254 3548; baseline 0.002 -26"><span class='ocrx_word' id='word_1_184' title='bbox 70 3457 139 3526; x_wconf 80' lang='lat' dir='ltr'><strong>lact.</strong></span> <span class='ocrx_word' id='word_1_185' title='bbox 152 3464 187 3533; x_wconf 92' lang='lat' dir='ltr'><strong>ll.</strong></span> <span class='ocrx_word' id='word_1_186' title='bbox 204 3465 280 3528; x_wconf 75' lang='lat'><strong>157.</strong></span> <span class='ocrx_word' id='word_1_187' title='bbox 299 3465 442 3548; x_wconf 80' lang='lat' dir='ltr'><strong>Quaedam</strong></span> <span class='ocrx_word' id='word_1_188' title='bbox 455 3465 578 3548; x_wconf 85' lang='lat' dir='ltr'><strong>protulit</strong></span> <span class='ocrx_word' id='word_1_189' title='bbox 595 3463 716 3527; x_wconf 84' lang='lat' dir='ltr'><strong>ldarin</strong></span> <span class='ocrx_word' id='word_1_190' title='bbox 733 3465 770 3526; x_wconf 91' lang='grc' dir='ltr'><strong>Τ.</strong></span> <span class='ocrx_word' id='word_1_191' title='bbox 783 3463 831 3536; x_wconf 85' lang='grc'><strong>111,</strong></span> <span class='ocrx_word' id='word_1_192' title='bbox 848 3485 877 3548; x_wconf 84' lang='lat' dir='ltr'><strong>p:</strong></span> <span class='ocrx_word' id='word_1_193' title='bbox 897 3462 949 3534; x_wconf 79' lang='lat'><strong>64,</strong></span> <span class='ocrx_word' id='word_1_194' title='bbox 967 3463 1029 3535; x_wconf 77' lang='lat'><strong>65;</strong></span> <span class='ocrx_word' id='word_1_195' title='bbox 1046 3461 1119 3524; x_wconf 89' lang='lat' dir='ltr'><strong>ibid.</strong></span> <span class='ocrx_word' id='word_1_196' title='bbox 1133 3481 1162 3544; x_wconf 94' lang='lat' dir='ltr'><strong>p.</strong></span> <span class='ocrx_word' id='word_1_197' title='bbox 1179 3461 1254 3524; x_wconf 77' lang='grc'><strong>197.</strong></span> 
     </span>
     <span class='ocr_line' id='line_1_27' title="bbox 149 3571 1255 3656; baseline -0.001 -22"><span class='ocrx_word' id='word_1_198' title='bbox 149 3573 284 3636; x_wconf 74' lang='lat' dir='ltr'><strong>Andreas</strong></span> <span class='ocrx_word' id='word_1_199' title='bbox 297 3572 494 3636; x_wconf 83' lang='lat' dir='ltr'><strong>Dandulus</strong></span> <span class='ocrx_word' id='word_1_200' title='bbox 511 3573 616 3636; x_wconf 86' lang='lat' dir='ltr'><strong>chron.</strong></span> <span class='ocrx_word' id='word_1_201' title='bbox 630 3593 658 3656; x_wconf 92' lang='lat' dir='ltr'><strong>p.</strong></span> <span class='ocrx_word' id='word_1_202' title='bbox 674 3572 755 3636; x_wconf 85' lang='lat'>282:</span> <span class='ocrx_word' id='word_1_203' title='bbox 772 3573 856 3636; x_wconf 82' lang='lat' dir='ltr'><strong>Dum</strong></span> <span class='ocrx_word' id='word_1_204' title='bbox 868 3571 937 3634; x_wconf 79' lang='lat' dir='ltr'><strong>hoec</strong></span> <span class='ocrx_word' id='word_1_205' title='bbox 948 3574 1071 3656; x_wconf 79' lang='lat' dir='ltr'><strong>fierent,</strong></span> <span class='ocrx_word' id='word_1_206' title='bbox 1088 3571 1255 3656; x_wconf 70' lang='lat' dir='ltr'><strong>copertus,</strong></span> 
     </span>
     <span class='ocr_line' id='line_1_28' title="bbox 72 3679 1256 3768; baseline 0.002 -28"><span class='ocrx_word' id='word_1_207' title='bbox 72 3697 124 3740; x_wconf 77' lang='lat' dir='ltr'><strong>ree</strong></span> <span class='ocrx_word' id='word_1_208' title='bbox 137 3679 269 3751; x_wconf 72' lang='lat' dir='ltr'><strong>Sicilie.</strong></span> <span class='ocrx_word' id='word_1_209' title='bbox 285 3683 471 3745; x_wconf 79' lang='lat' dir='ltr'><strong>Emanuelia</strong></span> <span class='ocrx_word' id='word_1_210' title='bbox 486 3679 693 3768; x_wconf 78' lang='lat' dir='ltr'><strong>imperatorie</strong></span> <span class='ocrx_word' id='word_1_211' title='bbox 708 3683 852 3750; x_wconf 70' lang='lat' dir='ltr'><strong>mutue,</strong></span> <span class='ocrx_word' id='word_1_212' title='bbox 875 3679 1085 3744; x_wconf 73' lang='lat' dir='ltr'><strong>incaeodiraa</strong></span> <span class='ocrx_word' id='word_1_213' title='bbox 1103 3681 1177 3761; x_wconf 84' lang='lat' dir='ltr'><strong>sore</strong></span> <span class='ocrx_word' id='word_1_214' title='bbox 1192 3679 1256 3743; x_wconf 88' lang='lat' dir='ltr'><strong>lm·</strong></span> 
     </span>
     <span class='ocr_line' id='line_1_29' title="bbox 69 3785 1256 3878; baseline 0.002 -29.872"><span class='ocrx_word' id='word_1_215' title='bbox 69 3787 145 3866; x_wconf 87' lang='lat' dir='ltr'><strong>perii</strong></span> <span class='ocrx_word' id='word_1_216' title='bbox 155 3799 270 3873; x_wconf 83' lang='lat' dir='ltr'><strong>portes</strong></span> <span class='ocrx_word' id='word_1_217' title='bbox 282 3809 466 3876; x_wconf 75' lang='lat' dir='ltr'><strong>aquescens,</strong></span> <span class='ocrx_word' id='word_1_218' title='bbox 484 3789 574 3878; x_wconf 83' lang='lat' dir='ltr'><strong>apud</strong></span> <span class='ocrx_word' id='word_1_219' title='bbox 586 3788 749 3852; x_wconf 80' lang='lat' dir='ltr'><strong>idrontum</strong></span> <span class='ocrx_word' id='word_1_220' title='bbox 761 3789 891 3853; x_wconf 82' lang='lat' dir='ltr'><strong>collecto</strong></span> <span class='ocrx_word' id='word_1_221' title='bbox 904 3787 1060 3861; x_wconf 74' lang='lat' dir='ltr'><strong>exercitu,</strong></span> <span class='ocrx_word' id='word_1_222' title='bbox 1079 3785 1256 3872; x_wconf 70' lang='lat' dir='ltr'><strong>Captian-</strong></span> 
     </span>
     <span class='ocr_line' id='line_1_30' title="bbox 16 3893 1256 3982; baseline 0.006 -29"><span class='ocrx_word' id='word_1_223' title='bbox 16 3925 17 3928; x_wconf 16' lang='grc' dir='ltr'><strong>κ</strong></span> <span class='ocrx_word' id='word_1_224' title='bbox 72 3912 124 3956; x_wconf 81' lang='lat' dir='ltr'><strong>sem</strong></span> <span class='ocrx_word' id='word_1_225' title='bbox 145 3897 283 3961; x_wconf 72' lang='lat' dir='ltr'><strong>insulam</strong></span> <span class='ocrx_word' id='word_1_226' title='bbox 309 3897 393 3982; x_wconf 80' lang='lat' dir='ltr'><strong>cepit</strong></span> <span class='ocrx_word' id='word_1_227' title='bbox 419 3903 450 3960; x_wconf 83' lang='lat' dir='ltr'><strong>et</strong></span> <span class='ocrx_word' id='word_1_228' title='bbox 473 3897 601 3970; x_wconf 84' lang='lat' dir='ltr'><strong>muniit,</strong></span> <span class='ocrx_word' id='word_1_229' title='bbox 627 3896 866 3982; x_wconf 78' lang='lat' dir='ltr'><strong>procedensque</strong></span> <span class='ocrx_word' id='word_1_230' title='bbox 889 3893 1090 3966; x_wconf 76' lang='lat' dir='ltr'><strong>Corinthum,</strong></span> <span class='ocrx_word' id='word_1_231' title='bbox 1122 3895 1256 3972; x_wconf 81' lang='lat' dir='ltr'><strong>Thebae,</strong></span> 
     </span>
     <span class='ocr_line' id='line_1_31' title="bbox 73 3997 1259 4090; baseline 0.001 -23"><span class='ocrx_word' id='word_1_232' title='bbox 73 3997 295 4090; x_wconf 76' lang='lat' dir='ltr'><strong>h&#39;iproponram</strong></span> <span class='ocrx_word' id='word_1_233' title='bbox 322 4005 442 4068; x_wconf 82' lang='lat' dir='ltr'><strong>etalio</strong></span> <span class='ocrx_word' id='word_1_234' title='bbox 467 4003 599 4086; x_wconf 84' lang='lat' dir='ltr'><strong>Imperii</strong></span> <span class='ocrx_word' id='word_1_235' title='bbox 620 4005 690 4068; x_wconf 84' lang='lat' dir='ltr'><strong>loco</strong></span> <span class='ocrx_word' id='word_1_236' title='bbox 711 4001 890 4067; x_wconf 72' lang='lat' dir='ltr'><strong>devastarit</strong></span> <span class='ocrx_word' id='word_1_237' title='bbox 912 4010 943 4066; x_wconf 88' lang='lat' dir='ltr'><strong>et</strong></span> <span class='ocrx_word' id='word_1_238' title='bbox 963 4001 1070 4065; x_wconf 79' lang='lat' dir='ltr'><strong>rediit.</strong></span> <span class='ocrx_word' id='word_1_239' title='bbox 1101 4002 1259 4068; x_wconf 81' lang='lat' dir='ltr'><strong>Emonoel</strong></span> 
     </span>
     <span class='ocr_line' id='line_1_32' title="bbox 74 4107 1257 4200; baseline 0.003 -28"><span class='ocrx_word' id='word_1_240' title='bbox 74 4107 165 4197; x_wconf 81' lang='lat' dir='ltr'><strong>itaque</strong></span> <span class='ocrx_word' id='word_1_241' title='bbox 178 4113 354 4178; x_wconf 63' lang='lat' dir='ltr'><strong>madiolum</strong></span> <span class='ocrx_word' id='word_1_242' title='bbox 366 4120 523 4198; x_wconf 79' lang='lat' dir='ltr'><strong>appeteres</strong></span> <span class='ocrx_word' id='word_1_243' title='bbox 535 4119 655 4200; x_wconf 74' lang='lat' dir='ltr'><strong>parato</strong></span> <span class='ocrx_word' id='word_1_244' title='bbox 671 4112 816 4176; x_wconf 69' lang='lat' dir='ltr'><strong>exercitu</strong></span> <span class='ocrx_word' id='word_1_245' title='bbox 828 4133 891 4198; x_wconf 88' lang='lat' dir='ltr'><strong>per</strong></span> <span class='ocrx_word' id='word_1_246' title='bbox 903 4110 1030 4174; x_wconf 75' lang='lat' dir='ltr'><strong>oratioe</strong></span> <span class='ocrx_word' id='word_1_247' title='bbox 1041 4131 1114 4176; x_wconf 79' lang='lat' dir='ltr'><strong>suos</strong></span> <span class='ocrx_word' id='word_1_248' title='bbox 1130 4111 1257 4178; x_wconf 81' lang='lat' dir='ltr'><strong>Veneto·</strong></span> 
     </span>
     <span class='ocr_line' id='line_1_33' title="bbox 17 4217 1258 4306; baseline 0.003 -24"><span class='ocrx_word' id='word_1_249' title='bbox 17 4227 19 4260; x_wconf 83' lang='lat'>:</span> <span class='ocrx_word' id='word_1_250' title='bbox 74 4237 130 4282; x_wconf 79' lang='lat' dir='ltr'><strong>raca</strong></span> <span class='ocrx_word' id='word_1_251' title='bbox 140 4222 282 4288; x_wconf 75' lang='lat' dir='ltr'><strong>scheidio</strong></span> <span class='ocrx_word' id='word_1_252' title='bbox 294 4220 390 4306; x_wconf 75' lang='lat' dir='ltr'><strong>petit,</strong></span> <span class='ocrx_word' id='word_1_253' title='bbox 404 4227 435 4283; x_wconf 83' lang='lat' dir='ltr'><strong>et</strong></span> <span class='ocrx_word' id='word_1_254' title='bbox 445 4221 621 4284; x_wconf 83' lang='lat' dir='ltr'><strong>uberiorem</strong></span> <span class='ocrx_word' id='word_1_255' title='bbox 634 4219 841 4303; x_wconf 65' lang='lat' dir='ltr'><strong>erpsoholium</strong></span> <span class='ocrx_word' id='word_1_256' title='bbox 853 4217 945 4282; x_wconf 83' lang='lat' dir='ltr'><strong>solito</strong></span> <span class='ocrx_word' id='word_1_257' title='bbox 958 4218 1130 4282; x_wconf 73' lang='lat' dir='ltr'><strong>obtulit-</strong></span> <span class='ocrx_word' id='word_1_258' title='bbox 1142 4220 1188 4284; x_wconf 87' lang='lat' dir='ltr'><strong>Ob</strong></span> <span class='ocrx_word' id='word_1_259' title='bbox 1198 4220 1258 4286; x_wconf 87' lang='lat' dir='ltr'><strong>boc</strong></span> 
     </span>
     <span class='ocr_line' id='line_1_34' title="bbox 17 4295 1258 4416; baseline 0.005 -28"><span class='ocrx_word' id='word_1_260' title='bbox 17 4295 18 4388; x_wconf 88' lang='lat' dir='ltr'><strong>l</strong></span> <span class='ocrx_word' id='word_1_261' title='bbox 75 4324 148 4404; x_wconf 74' lang='lat' dir='ltr'><strong>Dare,</strong></span> <span class='ocrx_word' id='word_1_262' title='bbox 172 4335 304 4416; x_wconf 83' lang='lat' dir='ltr'><strong>recepto</strong></span> <span class='ocrx_word' id='word_1_263' title='bbox 329 4327 520 4412; x_wconf 81' lang='lat' dir='ltr'><strong>crysoholio,</strong></span> <span class='ocrx_word' id='word_1_264' title='bbox 543 4327 662 4392; x_wconf 82' lang='lat' dir='ltr'><strong>decimo</strong></span> <span class='ocrx_word' id='word_1_265' title='bbox 688 4333 798 4392; x_wconf 72' lang='lat' dir='ltr'><strong>oetam</strong></span> <span class='ocrx_word' id='word_1_266' title='bbox 813 4325 865 4390; x_wconf 81' lang='lat' dir='ltr'><strong>eui</strong></span> <span class='ocrx_word' id='word_1_267' title='bbox 879 4303 1014 4392; x_wconf 72' lang='lat' dir='ltr'><strong>occasa</strong></span> <span class='ocrx_word' id='word_1_268' title='bbox 1034 4325 1164 4413; x_wconf 69' lang='lat' dir='ltr'><strong>onom),</strong></span> <span class='ocrx_word' id='word_1_269' title='bbox 1188 4349 1258 4394; x_wconf 83' lang='lat' dir='ltr'><strong>cum</strong></span> 
     </span>
    </p>
   </div>
   <div class='ocr_carea' id='block_1_7' title="bbox 95 4554 1170 4704">
    <p class='ocr_par' dir='ltr' id='par_1_7' title="bbox 95 4554 1170 4704">
     <span class='ocr_line' id='line_1_35' title="bbox 95 4554 1170 4631; baseline 0.001 -17"><span class='ocrx_word' id='word_1_270' title='bbox 95 4554 119 4628; x_wconf 85' lang='lat'><strong>¹)</strong></span> <span class='ocrx_word' id='word_1_271' title='bbox 135 4559 255 4629; x_wconf 76' lang='lat' dir='ltr'><strong>Regnare</strong></span> <span class='ocrx_word' id='word_1_272' title='bbox 269 4559 366 4614; x_wconf 84' lang='lat' dir='ltr'><strong>Petrus</strong></span> <span class='ocrx_word' id='word_1_273' title='bbox 378 4557 490 4612; x_wconf 79' lang='lat' dir='ltr'><strong>Polanus</strong></span> <span class='ocrx_word' id='word_1_274' title='bbox 504 4557 594 4631; x_wconf 85' lang='lat' dir='ltr'><strong>coepit</strong></span> <span class='ocrx_word' id='word_1_275' title='bbox 605 4573 672 4614; x_wconf 84' lang='lat' dir='ltr'><strong>anno</strong></span> <span class='ocrx_word' id='word_1_276' title='bbox 687 4558 766 4620; x_wconf 84' lang='grc'><strong>1139,</strong></span> <span class='ocrx_word' id='word_1_277' title='bbox 779 4557 840 4612; x_wconf 89' lang='lat' dir='ltr'><strong>coll.</strong></span> <span class='ocrx_word' id='word_1_278' title='bbox 855 4557 886 4612; x_wconf 86' lang='grc' dir='ltr'><strong>Α.</strong></span> <span class='ocrx_word' id='word_1_279' title='bbox 899 4557 983 4613; x_wconf 81' lang='lat' dir='ltr'><strong>Dend.</strong></span> <span class='ocrx_word' id='word_1_280' title='bbox 997 4558 1015 4612; x_wconf 94' lang='lat' dir='ltr'><strong>l.</strong></span> <span class='ocrx_word' id='word_1_281' title='bbox 1029 4575 1054 4613; x_wconf 92' lang='lat' dir='ltr'><strong>c.</strong></span> <span class='ocrx_word' id='word_1_282' title='bbox 1066 4577 1093 4631; x_wconf 92' lang='lat' dir='ltr'><strong>p.</strong></span> <span class='ocrx_word' id='word_1_283' title='bbox 1107 4559 1170 4615; x_wconf 76' lang='lat' dir='ltr'><strong>ert.</strong></span> 
     </span>
     <span class='ocr_line' id='line_1_36' title="bbox 101 4647 1039 4704; baseline 0.007 -7"><span class='ocrx_word' id='word_1_284' title='bbox 101 4650 184 4700; x_wconf 69' lang='lat' dir='ltr'><strong>Fortu.</strong></span> <span class='ocrx_word' id='word_1_285' title='bbox 200 4653 250 4698; x_wconf 83' lang='lat' dir='ltr'><strong>xtt.</strong></span> <span class='ocrx_word' id='word_1_286' title='bbox 1021 4647 1039 4704; x_wconf 83' lang='lat'>8</span> 
     </span>
    </p>
   </div>
   <div class='ocr_carea' id='block_1_8' title="bbox 0 0 1572 5082">
    <p class='ocr_par' dir='ltr' id='par_1_8' title="bbox 0 0 1572 5082">
     <span class='ocr_line' id='line_1_37' title="bbox 0 0 1572 5082; baseline 0 0"><span class='ocrx_word' id='word_1_287' title='bbox 0 0 1572 5082; x_wconf 95' lang='lat' dir='ltr'><strong> </strong></span> 
     </span>
    </p>
   </div>
  </div>
 </body>
</html>
