3130 5078
389 384 484 438 lusco.
497 383 531 438 lll
544 401 635 438 sensa.
649 401 685 437 nn
699 385 825 440 'lacuna
839 387 925 444 Pana.
939 387 985 442 Gr.
1194 375 1270 448 545

91 551 223 622 deferas
249 561 283 623 et
307 553 437 626 deuote.
465 553 549 626 Nulli
569 577 652 648 ergo
672 561 737 626 etc.
762 561 895 628 nostrae
915 557 1115 629 inhibitionis
1135 564 1169 629 et
1188 582 1270 630 con·

91 679 253 750 cessionis
273 687 338 750 etc.

181 807 298 878 Datum
331 809 449 890 licum,
482 808 566 901 apud
599 813 745 880 sanctum
780 809 929 893 Petrum,
963 809 1005 882 lll
1038 809 1108 880 Kal.
1139 809 1271 905 Aprilis,

90 955 177 1003 anno
198 940 328 1005 octavo.

627 1133 736 1207 CXLI.

215 1288 403 1358 innocentius
419 1293 460 1356 lll
477 1293 600 1372 iliona,
616 1294 791 1358 Patrlarela
808 1293 1144 1377 taratantlncpclltane.

89 1454 249 1519 Permittit
263 1455 510 1521 sacerdotiorum
525 1457 744 1534 retentionem,
769 1463 799 1520 et
814 1463 849 1520 at
867 1457 971 1542 possit
990 1457 1040 1520 ati
1059 1477 1156 1544 opero
1173 1455 1269 1519 cleri-

294 1583 413 1636 corum.
431 1564 486 1651 pai
500 1585 602 1630 semaa
618 1565 663 1629 od
673 1571 786 1653 partes
801 1565 875 1628 illas
890 1585 1061 1628 accessere.

467 1723 498 1777 A.
512 1723 628 1786 (1.1205,
642 1723 684 1777 die
697 1723 740 1780 30.
754 1741 786 1778 m.
801 1723 893 1778 llartii.

180 1869 455 1955 lnncc.lllepist.
469 1869 603 1946 lib.Vlll‚
615 1892 664 1955 ep.
674 1869 1100 1956 XlllVed.Brtquigny'l'.
1110 1871 1144 1944 ll,
1153 1892 1181 1954 p.
1193 1870 1267 1934 668.

181 2038 276 2108 Licet
297 2037 689 2131 eonsuntinopolitanum
714 2039 884 2132 Imperium
913 2061 972 2130 per
996 2037 1056 2108 Dei
1083 2041 1222 2132 gratiam
1249 2063 1268 2110 a

90 2165 226 2236 Graecis
254 2163 444 2237 translatum
467 2165 566 2236 luerit
590 2165 631 2236 ad
658 2165 812 2247 Latinos,
837 2165 911 2258 quia
930 2171 1038 2235 tamen
1057 2165 1198 2236 nondum
1218 2174 1269 2235 est

88 2291 172 2362 adeo
192 2290 375 2374 solidatum,
395 2293 471 2385 quin
485 2314 524 2360 ex
539 2296 632 2384 parte
650 2291 754 2385 aliqua
774 2291 911 2362 fluctuet
925 2297 1029 2362 status
1045 2291 1128 2382 ejus,
1148 2315 1267 2362 neces·
1375 2323 1378 2331 ¹

89 2419 177 2488 sitati
210 2425 302 2502 tuae,
336 2425 489 2512 quantum
517 2418 656 2488 honeste
689 2442 878 2511 possumus,
908 2418 1054 2488 volumus
1081 2415 1265 2510 providere.

90 2547 233 2642 ldeoquc
258 2546 452 2618 fraternitati
477 2553 553 2618 tuae
580 2547 796 2640 praesentium
821 2548 1015 2616 auctoritate
1042 2545 1266 2629 concedimus,

87 2681 124 2743 ut
152 2674 328 2757 beneficia,
357 2695 439 2767 quac
467 2673 625 2745 hactenus
650 2673 806 2756 habuisti,
835 2675 962 2766 integre
989 2675 1074 2744 sicut
1099 2673 1265 2767 hucusque

88 2799 270 2894 possideas,
290 2807 323 2872 et
341 2800 436 2894 plene
455 2801 616 2895 percipias
630 2800 770 2883 tructus,
790 2800 843 2894 qui
857 2802 1067 2893 provenerint
1080 2823 1118 2872 ex
1133 2801 1265 2883 eisdem,

88 2927 194 2997 donec
210 2928 250 2997 de
265 2934 431 2997 statutam
448 2927 584 3020 lmperii,
599 2949 691 3020 quam
706 2927 873 2998 Ecclesiae
889 2926 1267 3020 Constantinopolitanae

89 3051 206 3124 redditi
229 3054 385 3124 fuerimus
414 3055 586 3137 certiores,
617 3061 650 3124 et
678 3077 776 3146 super
800 3054 864 3125 hoc
891 3053 974 3124 aliud
994 3053 1177 3124 duxerimus
1196 3061 1266 3124 sta·

89 3181 255 3251 tuendum.
286 3181 431 3274 Cumque
459 3181 639 3274 peritorum
667 3202 767 3273 egeas
794 3180 935 3274 collegio
956 3187 988 3250 et
1007 3179 1142 3252 consilio
1168 3179 1267 3251 cleri·

89 3331 222 3389 corum,
251 3307 305 3400 qui
329 3306 386 3377 tibi
406 3313 643 3408 cooperatores
662 3307 786 3399 providi
806 3313 840 3376 et
859 3306 1036 3399 prudentes
1055 3305 1267 3398 coadjutores

89 3435 241 3517 existant,
262 3433 426 3528 praesenti
446 3434 563 3526 pagina
582 3431 797 3525 indulgemus,
817 3441 854 3503 ut
872 3433 999 3517 clerici,
1028 3435 1080 3528 qui
1098 3439 1206 3504 tecum
1227 3435 1268 3504 ad

88 3567 201 3655 partes
218 3559 595 3653 constantinopolitanas
615 3560 825 3641 accesserint,
846 3583 904 3629 sua
923 3559 1079 3630 beneficia
1094 3583 1159 3630 non
1174 3559 1268 3630 amit-

88 3695 177 3770 tant,
206 3687 264 3757 sed
292 3695 470 3779 proventus
498 3685 641 3779 ipsorum
669 3687 716 3755 eis
741 3688 870 3780 integre
896 3687 1134 3778 persolvantur,
1162 3687 1268 3758 donec

89 3821 195 3884 status
213 3820 323 3884 terrae
341 3812 425 3884 illius
444 3813 538 3884 nobis
557 3812 682 3907 plenius
701 3813 902 3894 innotescat;
925 3813 999 3884 dum
1018 3820 1125 3885 tamen
1146 3839 1183 3885 eu
1203 3815 1267 3885 hoc

89 3947 228 4034 propter
262 3941 528 4011 numerositatem
556 3939 751 4010 clericorum
785 3945 893 4010 tecum
921 3941 1061 4010 transire
1089 3941 1265 4014 volentium

89 4067 196 4161 aliqua
214 4066 362 4138 Ecclesia
381 4068 559 4137 enormiter
573 4089 638 4137 non
653 4073 819 4159 gravetur.
848 4065 932 4136 Nulli
948 4090 1031 4160 ergo
1047 4075 1111 4139 etc.
1132 4075 1267 4139 nostrae

90 4195 315 4266 concessionis
334 4198 399 4264 etc.

178 4322 295 4392 Datum
328 4323 445 4404 Rome,
484 4319 567 4412 apud
601 4325 748 4388 sanctum
778 4318 927 4403 Petrum,
959 4321 1002 4392 lll
1032 4321 1101 4392 Kal.
1134 4320 1267 4415 Aprilis,

90 4470 176 4520 anno
196 4455 328 4518 octauo.

121 4697 215 4741 Fontm.
233 4695 281 4740 ΧΠ.
1020 4693 1054 4746 35
