<?xml version="1.0" encoding="UTF-8"?>
<!DOCTYPE html PUBLIC "-//W3C//DTD XHTML 1.0 Transitional//EN"
    "http://www.w3.org/TR/xhtml1/DTD/xhtml1-transitional.dtd">
<html xmlns="http://www.w3.org/1999/xhtml" xml:lang="en" lang="en">
 <head>
  <title>
</title>
<meta http-equiv="Content-Type" content="text/html;charset=utf-8" />
  <meta name='ocr-system' content='tesseract 3.04.00' />
  <meta name='ocr-capabilities' content='ocr_page ocr_carea ocr_par ocr_line ocrx_word'/>
</head>
<body>
  <div class='ocr_page' id='page_1' title='image "./fontesrerumaust07kommgoog_0257.png"; bbox 0 0 3110 5076; ppageno 0'>
   <div class='ocr_carea' id='block_1_1' title="bbox 299 363 1150 436">
    <p class='ocr_par' dir='ltr' id='par_1_1' title="bbox 299 363 1150 436">
     <span class='ocr_line' id='line_1_1' title="bbox 299 363 1150 436; baseline -0.002 -2"><span class='ocrx_word' id='word_1_1' title='bbox 299 363 374 436; x_wconf 75' lang='grc'><strong>234</strong></span> <span class='ocrx_word' id='word_1_2' title='bbox 620 379 713 432; x_wconf 83' lang='lat' dir='ltr'><strong>Errsu.</strong></span> <span class='ocrx_word' id='word_1_3' title='bbox 726 380 822 433; x_wconf 81' lang='lat' dir='ltr'><strong>lsrroe.</strong></span> <span class='ocrx_word' id='word_1_4' title='bbox 836 380 868 434; x_wconf 90' lang='lat' dir='ltr'><strong>tlt</strong></span> <span class='ocrx_word' id='word_1_5' title='bbox 882 395 918 434; x_wconf 84' lang='lat' dir='ltr'><strong>an</strong></span> <span class='ocrx_word' id='word_1_6' title='bbox 932 381 1030 434; x_wconf 78' lang='lat' dir='ltr'><strong>Ducere</strong></span> <span class='ocrx_word' id='word_1_7' title='bbox 1045 381 1150 434; x_wconf 82' lang='lat' dir='ltr'><strong>Vener.</strong></span> 
     </span>
    </p>
   </div>
   <div class='ocr_carea' id='block_1_2' title="bbox 299 511 1551 642">
    <p class='ocr_par' dir='ltr' id='par_1_2' title="bbox 299 511 1551 642">
     <span class='ocr_line' id='line_1_2' title="bbox 299 511 1551 642; baseline -0.025 0"><span class='ocrx_word' id='word_1_8' title='bbox 299 571 363 640; x_wconf 68' lang='lat'><strong>⁸8⁰</strong></span> <span class='ocrx_word' id='word_1_9' title='bbox 379 555 550 618; x_wconf 61' lang='lat' dir='ltr'><strong>mutella?</strong></span> <span class='ocrx_word' id='word_1_10' title='bbox 569 549 610 619; x_wconf 64' lang='lat' dir='ltr'><strong>ad</strong></span> <span class='ocrx_word' id='word_1_11' title='bbox 629 557 724 620; x_wconf 73' lang='lat' dir='ltr'><strong>v⁰s“.</strong></span> <span class='ocrx_word' id='word_1_12' title='bbox 754 549 922 622; x_wconf 79' lang='lat' dir='ltr'>Credimus</span> <span class='ocrx_word' id='word_1_13' title='bbox 942 552 1047 632; x_wconf 85' lang='lat' dir='ltr'><strong>etiam,</strong></span> <span class='ocrx_word' id='word_1_14' title='bbox 1069 549 1167 642; x_wconf 90' lang='lat' dir='ltr'><strong>quod,</strong></span> <span class='ocrx_word' id='word_1_15' title='bbox 1187 551 1213 618; x_wconf 91' lang='lat' dir='ltr'><strong>si</strong></span> <span class='ocrx_word' id='word_1_16' title='bbox 1234 547 1462 620; x_wconf 78' lang='lat' dir='ltr'><strong>ambulaveritis</strong></span> <span class='ocrx_word' id='word_1_17' title='bbox 1550 511 1551 580; x_wconf 31' lang='grc' dir='ltr'><em>ἕ</em></span> 
     </span>
    </p>
   </div>
   <div class='ocr_carea' id='block_1_3' title="bbox 297 675 1551 1660">
    <p class='ocr_par' dir='ltr' id='par_1_3' title="bbox 297 675 1551 1660">
     <span class='ocr_line' id='line_1_3' title="bbox 297 675 1551 772; baseline 0.001 -29"><span class='ocrx_word' id='word_1_18' title='bbox 297 675 329 743; x_wconf 94' lang='lat' dir='ltr'><strong>in</strong></span> <span class='ocrx_word' id='word_1_19' title='bbox 343 675 417 768; x_wconf 85' lang='lat' dir='ltr'><strong>lege</strong></span> <span class='ocrx_word' id='word_1_20' title='bbox 431 675 569 760; x_wconf 78' lang='lat' dir='ltr'>Domini,</span> <span class='ocrx_word' id='word_1_21' title='bbox 590 700 655 746; x_wconf 92' lang='lat' dir='ltr'><strong>uon</strong></span> <span class='ocrx_word' id='word_1_22' title='bbox 670 699 782 748; x_wconf 90' lang='lat' dir='ltr'><strong>eorum</strong></span> <span class='ocrx_word' id='word_1_23' title='bbox 797 685 970 772; x_wconf 80' lang='lat' dir='ltr'><strong>sequentes</strong></span> <span class='ocrx_word' id='word_1_24' title='bbox 985 679 1131 771; x_wconf 86' lang='lat' dir='ltr'><strong>vestigia,</strong></span> <span class='ocrx_word' id='word_1_25' title='bbox 1152 679 1204 770; x_wconf 85' lang='lat' dir='ltr'><strong>qui</strong></span> <span class='ocrx_word' id='word_1_26' title='bbox 1220 679 1289 747; x_wconf 90' lang='lat' dir='ltr'><strong>vani</strong></span> <span class='ocrx_word' id='word_1_27' title='bbox 1305 678 1380 748; x_wconf 84' lang='lat' dir='ltr'><strong>sacti</strong></span> <span class='ocrx_word' id='word_1_28' title='bbox 1395 681 1466 746; x_wconf 91' lang='lat' dir='ltr'><strong>sunt</strong></span> <span class='ocrx_word' id='word_1_29' title='bbox 1550 713 1551 728; x_wconf 33' lang='grc' dir='ltr'><strong>κ</strong></span> 
     </span>
     <span class='ocr_line' id='line_1_4' title="bbox 299 804 1551 899; baseline 0.002 -29"><span class='ocrx_word' id='word_1_30' title='bbox 299 811 374 894; x_wconf 89' lang='lat' dir='ltr'><strong>post</strong></span> <span class='ocrx_word' id='word_1_31' title='bbox 404 804 575 873; x_wconf 88' lang='lat' dir='ltr'><strong>vanitatem</strong></span> <span class='ocrx_word' id='word_1_32' title='bbox 612 812 744 888; x_wconf 89' lang='lat' dir='ltr'><strong>euntes,</strong></span> <span class='ocrx_word' id='word_1_33' title='bbox 783 806 835 899; x_wconf 92' lang='lat' dir='ltr'><strong>qui</strong></span> <span class='ocrx_word' id='word_1_34' title='bbox 872 807 1161 877; x_wconf 80' lang='lat' dir='ltr'>comessationibus</span> <span class='ocrx_word' id='word_1_35' title='bbox 1194 813 1228 878; x_wconf 86' lang='lat' dir='ltr'><strong>et</strong></span> <span class='ocrx_word' id='word_1_36' title='bbox 1260 805 1466 877; x_wconf 77' lang='lat' dir='ltr'><strong>ebrietatibus</strong></span> <span class='ocrx_word' id='word_1_37' title='bbox 1550 837 1551 840; x_wconf 38' lang='lat'>¹</span> 
     </span>
     <span class='ocr_line' id='line_1_5' title="bbox 299 929 1467 1028; baseline 0.001 -30"><span class='ocrx_word' id='word_1_38' title='bbox 299 929 492 1024; x_wconf 85' lang='lat' dir='ltr'><strong>voluptuose</strong></span> <span class='ocrx_word' id='word_1_39' title='bbox 511 931 677 1016; x_wconf 88' lang='lat' dir='ltr'><strong>vacabant,</strong></span> <span class='ocrx_word' id='word_1_40' title='bbox 702 938 735 1002; x_wconf 90' lang='lat' dir='ltr'><strong>et</strong></span> <span class='ocrx_word' id='word_1_41' title='bbox 754 955 791 1004; x_wconf 86' lang='lat' dir='ltr'><strong>ea</strong></span> <span class='ocrx_word' id='word_1_42' title='bbox 811 933 1004 1006; x_wconf 86' lang='lat' dir='ltr'><strong>exercebant</strong></span> <span class='ocrx_word' id='word_1_43' title='bbox 1022 933 1053 1002; x_wconf 91' lang='lat' dir='ltr'><strong>in</strong></span> <span class='ocrx_word' id='word_1_44' title='bbox 1073 933 1218 1028; x_wconf 86' lang='lat' dir='ltr'><strong>partibus</strong></span> <span class='ocrx_word' id='word_1_45' title='bbox 1236 932 1467 1012; x_wconf 78' lang='lat' dir='ltr'><strong>transmarinis,</strong></span> 
     </span>
     <span class='ocr_line' id='line_1_6' title="bbox 300 1059 1469 1154; baseline 0.001 -27"><span class='ocrx_word' id='word_1_46' title='bbox 300 1081 381 1151; x_wconf 87' lang='lat' dir='ltr'><strong>quae</strong></span> <span class='ocrx_word' id='word_1_47' title='bbox 396 1059 427 1126; x_wconf 94' lang='lat' dir='ltr'><strong>in</strong></span> <span class='ocrx_word' id='word_1_48' title='bbox 440 1063 529 1128; x_wconf 89' lang='lat' dir='ltr'><strong>terra</strong></span> <span class='ocrx_word' id='word_1_49' title='bbox 544 1059 715 1128; x_wconf 90' lang='lat' dir='ltr'><strong>nativitatis</strong></span> <span class='ocrx_word' id='word_1_50' title='bbox 730 1059 1067 1154; x_wconf 88' lang='lat' dir='ltr'><strong>propriaesinemulta</strong></span> <span class='ocrx_word' id='word_1_51' title='bbox 1081 1061 1207 1131; x_wconf 90' lang='lat' dir='ltr'><strong>inlamia</strong></span> <span class='ocrx_word' id='word_1_52' title='bbox 1222 1067 1256 1130; x_wconf 88' lang='lat' dir='ltr'><strong>et</strong></span> <span class='ocrx_word' id='word_1_53' title='bbox 1270 1061 1469 1131; x_wconf 86' lang='lat' dir='ltr'><strong>detractione</strong></span> 
     </span>
     <span class='ocr_line' id='line_1_7' title="bbox 298 1185 1551 1282; baseline 0.003 -28"><span class='ocrx_word' id='word_1_54' title='bbox 298 1185 431 1280; x_wconf 88' lang='lat' dir='ltr'><strong>plurima</strong></span> <span class='ocrx_word' id='word_1_55' title='bbox 446 1208 510 1254; x_wconf 92' lang='lat' dir='ltr'><strong>non</strong></span> <span class='ocrx_word' id='word_1_56' title='bbox 525 1185 692 1268; x_wconf 76' lang='lat' dir='ltr'><strong>auderent,</strong></span> <span class='ocrx_word' id='word_1_57' title='bbox 708 1185 765 1256; x_wconf 91' lang='lat' dir='ltr'><strong>sed</strong></span> <span class='ocrx_word' id='word_1_58' title='bbox 780 1210 869 1282; x_wconf 89' lang='lat' dir='ltr'><strong>spem</strong></span> <span class='ocrx_word' id='word_1_59' title='bbox 884 1193 1021 1258; x_wconf 90' lang='lat' dir='ltr'><strong>vestram</strong></span> <span class='ocrx_word' id='word_1_60' title='bbox 1037 1187 1068 1256; x_wconf 91' lang='lat' dir='ltr'><strong>in</strong></span> <span class='ocrx_word' id='word_1_61' title='bbox 1083 1209 1123 1256; x_wconf 91' lang='lat' dir='ltr'><strong>eo</strong></span> <span class='ocrx_word' id='word_1_62' title='bbox 1133 1187 1335 1258; x_wconf 91' lang='lat' dir='ltr'><strong>solummodo</strong></span> <span class='ocrx_word' id='word_1_63' title='bbox 1349 1209 1469 1280; x_wconf 90' lang='lat' dir='ltr'><strong>posue·</strong></span> <span class='ocrx_word' id='word_1_64' title='bbox 1550 1251 1551 1258; x_wconf 74' lang='grc'>,</span> 
     </span>
     <span class='ocr_line' id='line_1_8' title="bbox 299 1312 1468 1408; baseline 0 -26"><span class='ocrx_word' id='word_1_65' title='bbox 299 1313 381 1396; x_wconf 89' lang='lat' dir='ltr'><strong>ritis,</strong></span> <span class='ocrx_word' id='word_1_66' title='bbox 411 1314 464 1405; x_wconf 92' lang='lat' dir='ltr'><strong>qui</strong></span> <span class='ocrx_word' id='word_1_67' title='bbox 490 1335 554 1382; x_wconf 92' lang='lat' dir='ltr'><strong>non</strong></span> <span class='ocrx_word' id='word_1_68' title='bbox 579 1312 701 1384; x_wconf 86' lang='lat' dir='ltr'><strong>deserit</strong></span> <span class='ocrx_word' id='word_1_69' title='bbox 723 1321 894 1408; x_wconf 87' lang='lat' dir='ltr'><strong>sperantes</strong></span> <span class='ocrx_word' id='word_1_70' title='bbox 914 1316 944 1384; x_wconf 94' lang='lat' dir='ltr'><strong>in</strong></span> <span class='ocrx_word' id='word_1_71' title='bbox 964 1339 1018 1398; x_wconf 89' lang='lat' dir='ltr'><strong>se,</strong></span> <span class='ocrx_word' id='word_1_72' title='bbox 1048 1337 1112 1384; x_wconf 92' lang='lat' dir='ltr'><strong>non</strong></span> <span class='ocrx_word' id='word_1_73' title='bbox 1136 1319 1259 1385; x_wconf 89' lang='lat' dir='ltr'><strong>tantum</strong></span> <span class='ocrx_word' id='word_1_74' title='bbox 1278 1315 1318 1384; x_wconf 88' lang='lat' dir='ltr'><strong>ab</strong></span> <span class='ocrx_word' id='word_1_75' title='bbox 1342 1314 1468 1396; x_wconf 91' lang='lat' dir='ltr'><strong>illicitis,</strong></span> 
     </span>
     <span class='ocr_line' id='line_1_9' title="bbox 299 1439 1470 1534; baseline -0.001 -26"><span class='ocrx_word' id='word_1_76' title='bbox 299 1439 358 1510; x_wconf 90' lang='lat' dir='ltr'><strong>sed</strong></span> <span class='ocrx_word' id='word_1_77' title='bbox 377 1439 564 1532; x_wconf 90' lang='lat' dir='ltr'><strong>quibusdam</strong></span> <span class='ocrx_word' id='word_1_78' title='bbox 580 1442 674 1510; x_wconf 91' lang='lat' dir='ltr'><strong>etiam</strong></span> <span class='ocrx_word' id='word_1_79' title='bbox 686 1439 780 1510; x_wconf 89' lang='lat' dir='ltr'><strong>licitis</strong></span> <span class='ocrx_word' id='word_1_80' title='bbox 794 1441 1010 1522; x_wconf 90' lang='lat' dir='ltr'><strong>abstinentes;</strong></span> <span class='ocrx_word' id='word_1_81' title='bbox 1031 1442 1070 1526; x_wconf 93' lang='lat' dir='ltr'><strong>is,</strong></span> <span class='ocrx_word' id='word_1_82' title='bbox 1086 1441 1139 1534; x_wconf 91' lang='lat' dir='ltr'><strong>qui</strong></span> <span class='ocrx_word' id='word_1_83' title='bbox 1154 1463 1284 1512; x_wconf 88' lang='lat' dir='ltr'><strong>currum</strong></span> <span class='ocrx_word' id='word_1_84' title='bbox 1298 1447 1332 1511; x_wconf 90' lang='lat' dir='ltr'><strong>et</strong></span> <span class='ocrx_word' id='word_1_85' title='bbox 1345 1440 1470 1510; x_wconf 84' lang='lat' dir='ltr'><strong>exerci-</strong></span> 
     </span>
     <span class='ocr_line' id='line_1_10' title="bbox 299 1565 1470 1660; baseline 0 -24"><span class='ocrx_word' id='word_1_86' title='bbox 299 1573 366 1636; x_wconf 90' lang='lat' dir='ltr'><strong>tum</strong></span> <span class='ocrx_word' id='word_1_87' title='bbox 393 1565 570 1638; x_wconf 88' lang='lat' dir='ltr'><strong>Pharaonis</strong></span> <span class='ocrx_word' id='word_1_88' title='bbox 599 1567 740 1660; x_wconf 88' lang='lat' dir='ltr'><strong>projecit</strong></span> <span class='ocrx_word' id='word_1_89' title='bbox 759 1568 789 1638; x_wconf 90' lang='lat' dir='ltr'><strong>in</strong></span> <span class='ocrx_word' id='word_1_90' title='bbox 811 1591 915 1651; x_wconf 88' lang='lat' dir='ltr'><strong>mare,</strong></span> <span class='ocrx_word' id='word_1_91' title='bbox 944 1591 1040 1639; x_wconf 86' lang='lat' dir='ltr'><strong>arens</strong></span> <span class='ocrx_word' id='word_1_92' title='bbox 1065 1569 1196 1640; x_wconf 83' lang='lat' dir='ltr'><strong>sortium</strong></span> <span class='ocrx_word' id='word_1_93' title='bbox 1222 1565 1413 1649; x_wconf 88' lang='lat' dir='ltr'><strong>intirmabit,</strong></span> <span class='ocrx_word' id='word_1_94' title='bbox 1439 1573 1470 1636; x_wconf 89' lang='lat' dir='ltr'><strong>et</strong></span> 
     </span>
    </p>
   </div>
   <div class='ocr_carea' id='block_1_4' title="bbox 173 1692 1469 1793">
    <p class='ocr_par' dir='ltr' id='par_1_4' title="bbox 173 1692 1469 1793">
     <span class='ocr_line' id='line_1_11' title="bbox 173 1692 1469 1793; baseline 0.002 -32"><span class='ocrx_word' id='word_1_95' title='bbox 173 1783 179 1793; x_wconf 32' lang='lat'>¹</span> <span class='ocrx_word' id='word_1_96' title='bbox 298 1693 443 1763; x_wconf 90' lang='lat' dir='ltr'><strong>inimicos</strong></span> <span class='ocrx_word' id='word_1_97' title='bbox 462 1694 569 1764; x_wconf 87' lang='lat' dir='ltr'><strong>crucis</strong></span> <span class='ocrx_word' id='word_1_98' title='bbox 584 1692 701 1764; x_wconf 81' lang='lat' dir='ltr'><strong>Christi</strong></span> <span class='ocrx_word' id='word_1_99' title='bbox 721 1693 835 1764; x_wconf 85' lang='lat' dir='ltr'><strong>atacis</strong></span> <span class='ocrx_word' id='word_1_100' title='bbox 851 1701 956 1765; x_wconf 86' lang='lat' dir='ltr'><strong>vestra</strong></span> <span class='ocrx_word' id='word_1_101' title='bbox 976 1695 1097 1765; x_wconf 91' lang='lat' dir='ltr'><strong>delebit</strong></span> <span class='ocrx_word' id='word_1_102' title='bbox 1115 1701 1151 1767; x_wconf 92' lang='lat' dir='ltr'><strong>ut</strong></span> <span class='ocrx_word' id='word_1_103' title='bbox 1167 1694 1266 1766; x_wconf 91' lang='lat' dir='ltr'><strong>lutum</strong></span> <span class='ocrx_word' id='word_1_104' title='bbox 1280 1695 1469 1788; x_wconf 89' lang='lat' dir='ltr'><strong>platearum,</strong></span> 
     </span>
    </p>
   </div>
   <div class='ocr_carea' id='block_1_5' title="bbox 298 1820 1476 3188">
    <p class='ocr_par' dir='ltr' id='par_1_5' title="bbox 298 1820 1476 3188">
     <span class='ocr_line' id='line_1_12' title="bbox 298 1820 1469 1916; baseline 0.002 -28"><span class='ocrx_word' id='word_1_105' title='bbox 298 1843 364 1890; x_wconf 92' lang='lat' dir='ltr'><strong>non</strong></span> <span class='ocrx_word' id='word_1_106' title='bbox 383 1820 476 1890; x_wconf 89' lang='lat' dir='ltr'><strong>nobis</strong></span> <span class='ocrx_word' id='word_1_107' title='bbox 496 1827 551 1891; x_wconf 85' lang='lat' dir='ltr'><strong>aut</strong></span> <span class='ocrx_word' id='word_1_108' title='bbox 570 1820 672 1903; x_wconf 89' lang='lat' dir='ltr'><strong>vobis,</strong></span> <span class='ocrx_word' id='word_1_109' title='bbox 692 1821 750 1891; x_wconf 91' lang='lat' dir='ltr'><strong>sed</strong></span> <span class='ocrx_word' id='word_1_110' title='bbox 770 1822 888 1890; x_wconf 92' lang='lat' dir='ltr'><strong>nomini</strong></span> <span class='ocrx_word' id='word_1_111' title='bbox 903 1845 962 1892; x_wconf 91' lang='lat' dir='ltr'><strong>suo</strong></span> <span class='ocrx_word' id='word_1_112' title='bbox 979 1821 1058 1892; x_wconf 90' lang='lat' dir='ltr'><strong>dans</strong></span> <span class='ocrx_word' id='word_1_113' title='bbox 1077 1821 1230 1914; x_wconf 84' lang='lat' dir='ltr'><strong>gloriam;</strong></span> <span class='ocrx_word' id='word_1_114' title='bbox 1251 1822 1304 1916; x_wconf 88' lang='lat' dir='ltr'><strong>qui</strong></span> <span class='ocrx_word' id='word_1_115' title='bbox 1324 1828 1376 1892; x_wconf 89' lang='lat' dir='ltr'><strong>est</strong></span> <span class='ocrx_word' id='word_1_116' title='bbox 1396 1821 1469 1913; x_wconf 83' lang='lat' dir='ltr'><strong>glo·</strong></span> 
     </span>
     <span class='ocr_line' id='line_1_13' title="bbox 299 1946 1472 2044; baseline 0.003 -28"><span class='ocrx_word' id='word_1_117' title='bbox 299 1948 406 2018; x_wconf 89' lang='lat' dir='ltr'><strong>riosus</strong></span> <span class='ocrx_word' id='word_1_118' title='bbox 420 1947 452 2016; x_wconf 95' lang='lat' dir='ltr'><strong>in</strong></span> <span class='ocrx_word' id='word_1_119' title='bbox 466 1948 600 2029; x_wconf 89' lang='lat' dir='ltr'><strong>sanctis,</strong></span> <span class='ocrx_word' id='word_1_120' title='bbox 620 1946 769 2017; x_wconf 90' lang='lat' dir='ltr'><strong>mirabilis</strong></span> <span class='ocrx_word' id='word_1_121' title='bbox 784 1948 815 2016; x_wconf 96' lang='lat' dir='ltr'><strong>in</strong></span> <span class='ocrx_word' id='word_1_122' title='bbox 831 1949 1012 2042; x_wconf 90' lang='lat' dir='ltr'><strong>majestate,</strong></span> <span class='ocrx_word' id='word_1_123' title='bbox 1031 1949 1153 2020; x_wconf 84' lang='lat' dir='ltr'><strong>taciens</strong></span> <span class='ocrx_word' id='word_1_124' title='bbox 1167 1947 1327 2044; x_wconf 82' lang='lat' dir='ltr'><strong>prodigia,</strong></span> <span class='ocrx_word' id='word_1_125' title='bbox 1349 1955 1472 2042; x_wconf 90' lang='lat' dir='ltr'><strong>etpost</strong></span> 
     </span>
     <span class='ocr_line' id='line_1_14' title="bbox 298 2073 1418 2169; baseline 0 -25"><span class='ocrx_word' id='word_1_126' title='bbox 298 2075 581 2168; x_wconf 81' lang='lat' dir='ltr'><strong>lachrymationem</strong></span> <span class='ocrx_word' id='word_1_127' title='bbox 600 2081 634 2146; x_wconf 94' lang='lat' dir='ltr'><strong>et</strong></span> <span class='ocrx_word' id='word_1_128' title='bbox 651 2073 761 2144; x_wconf 91' lang='lat' dir='ltr'><strong>fletum</strong></span> <span class='ocrx_word' id='word_1_129' title='bbox 780 2076 932 2169; x_wconf 79' lang='lat' dir='ltr'><strong>gaudium</strong></span> <span class='ocrx_word' id='word_1_130' title='bbox 951 2085 985 2148; x_wconf 92' lang='lat' dir='ltr'><strong>et</strong></span> <span class='ocrx_word' id='word_1_131' title='bbox 1004 2077 1232 2148; x_wconf 84' lang='lat' dir='ltr'><strong>exultationem</strong></span> <span class='ocrx_word' id='word_1_132' title='bbox 1250 2076 1418 2148; x_wconf 89' lang='lat' dir='ltr'><strong>inducens.</strong></span> 
     </span>
     <span class='ocr_line' id='line_1_15' title="bbox 388 2201 1473 2297; baseline 0 -24"><span class='ocrx_word' id='word_1_133' title='bbox 388 2202 439 2274; x_wconf 77' lang='lat' dir='ltr'><strong>Ad</strong></span> <span class='ocrx_word' id='word_1_134' title='bbox 457 2202 538 2272; x_wconf 90' lang='lat' dir='ltr'><strong>baec</strong></span> <span class='ocrx_word' id='word_1_135' title='bbox 559 2206 665 2272; x_wconf 87' lang='lat' dir='ltr'><strong>autem</strong></span> <span class='ocrx_word' id='word_1_136' title='bbox 680 2201 860 2295; x_wconf 85' lang='lat' dir='ltr'><strong>expeditius</strong></span> <span class='ocrx_word' id='word_1_137' title='bbox 879 2207 913 2272; x_wconf 89' lang='lat' dir='ltr'><strong>et</strong></span> <span class='ocrx_word' id='word_1_138' title='bbox 931 2203 1042 2274; x_wconf 90' lang='lat' dir='ltr'><strong>melius</strong></span> <span class='ocrx_word' id='word_1_139' title='bbox 1062 2203 1335 2297; x_wconf 68' lang='lat' dir='ltr'><strong>exequendam,</strong></span> <span class='ocrx_word' id='word_1_140' title='bbox 1354 2203 1473 2273; x_wconf 84' lang='lat' dir='ltr'><strong>iratres</strong></span> 
     </span>
     <span class='ocr_line' id='line_1_16' title="bbox 300 2327 1472 2425; baseline 0 -27"><span class='ocrx_word' id='word_1_141' title='bbox 300 2329 544 2424; x_wconf 82' lang='lat' dir='ltr'><strong>Arcbiepiscopi</strong></span> <span class='ocrx_word' id='word_1_142' title='bbox 557 2329 750 2400; x_wconf 86' lang='lat' dir='ltr'><strong>Nemausen.</strong></span> <span class='ocrx_word' id='word_1_143' title='bbox 767 2335 800 2399; x_wconf 88' lang='lat' dir='ltr'><strong>et</strong></span> <span class='ocrx_word' id='word_1_144' title='bbox 813 2327 1004 2400; x_wconf 79' lang='lat' dir='ltr'><strong>Aurasicen.</strong></span> <span class='ocrx_word' id='word_1_145' title='bbox 1021 2329 1186 2425; x_wconf 80' lang='lat' dir='ltr'>Episcopi,</span> <span class='ocrx_word' id='word_1_146' title='bbox 1208 2331 1353 2400; x_wconf 86' lang='lat' dir='ltr'><strong>duximus</strong></span> <span class='ocrx_word' id='word_1_147' title='bbox 1368 2329 1472 2422; x_wconf 85' lang='lat' dir='ltr'><strong>depu-</strong></span> 
     </span>
     <span class='ocr_line' id='line_1_17' title="bbox 299 2455 1473 2553; baseline -0.002 -25"><span class='ocrx_word' id='word_1_148' title='bbox 299 2457 428 2540; x_wconf 84' lang='lat' dir='ltr'><strong>tandos,</strong></span> <span class='ocrx_word' id='word_1_149' title='bbox 448 2457 501 2550; x_wconf 89' lang='lat' dir='ltr'><strong>qui</strong></span> <span class='ocrx_word' id='word_1_150' title='bbox 516 2455 647 2526; x_wconf 90' lang='lat' dir='ltr'><strong>verbum</strong></span> <span class='ocrx_word' id='word_1_151' title='bbox 666 2455 792 2526; x_wconf 82' lang='lat' dir='ltr'><strong>Donrini</strong></span> <span class='ocrx_word' id='word_1_152' title='bbox 811 2457 929 2527; x_wconf 88' lang='lat' dir='ltr'><strong>ceteris</strong></span> <span class='ocrx_word' id='word_1_153' title='bbox 948 2459 1152 2553; x_wconf 87' lang='lat' dir='ltr'><strong>proponatis,</strong></span> <span class='ocrx_word' id='word_1_154' title='bbox 1173 2465 1205 2528; x_wconf 96' lang='lat' dir='ltr'><strong>et</strong></span> <span class='ocrx_word' id='word_1_155' title='bbox 1223 2455 1473 2550; x_wconf 88' lang='lat' dir='ltr'><strong>adimplendum</strong></span> 
     </span>
     <span class='ocr_line' id='line_1_18' title="bbox 301 2584 1475 2680; baseline 0 -26"><span class='ocrx_word' id='word_1_156' title='bbox 301 2586 483 2656; x_wconf 89' lang='lat' dir='ltr'><strong>mandatum</strong></span> <span class='ocrx_word' id='word_1_157' title='bbox 509 2584 723 2678; x_wconf 88' lang='lat' dir='ltr'><strong>apostolicum</strong></span> <span class='ocrx_word' id='word_1_158' title='bbox 748 2584 963 2680; x_wconf 70' lang='lat' dir='ltr'><strong>coepiscopos</strong></span> <span class='ocrx_word' id='word_1_159' title='bbox 989 2592 1116 2657; x_wconf 90' lang='lat' dir='ltr'><strong>vestros</strong></span> <span class='ocrx_word' id='word_1_160' title='bbox 1140 2593 1173 2656; x_wconf 89' lang='lat' dir='ltr'><strong>et</strong></span> <span class='ocrx_word' id='word_1_161' title='bbox 1198 2585 1278 2656; x_wconf 85' lang='lat' dir='ltr'><strong>alios</strong></span> <span class='ocrx_word' id='word_1_162' title='bbox 1303 2585 1475 2656; x_wconf 83' lang='lat' dir='ltr'><strong>invitantes</strong></span> 
     </span>
     <span class='ocr_line' id='line_1_19' title="bbox 301 2711 1476 2807; baseline -0.003 -23"><span class='ocrx_word' id='word_1_163' title='bbox 301 2713 407 2784; x_wconf 85' lang='lat' dir='ltr'><strong>taliter</strong></span> <span class='ocrx_word' id='word_1_164' title='bbox 421 2712 617 2806; x_wconf 85' lang='lat' dir='ltr'><strong>exequamini</strong></span> <span class='ocrx_word' id='word_1_165' title='bbox 631 2735 760 2782; x_wconf 90' lang='lat' dir='ltr'><strong>causam</strong></span> <span class='ocrx_word' id='word_1_166' title='bbox 774 2711 912 2796; x_wconf 83' lang='lat' dir='ltr'><strong>Domini,</strong></span> <span class='ocrx_word' id='word_1_167' title='bbox 933 2713 1020 2807; x_wconf 92' lang='lat' dir='ltr'><strong>quod</strong></span> <span class='ocrx_word' id='word_1_168' title='bbox 1040 2720 1073 2783; x_wconf 92' lang='lat' dir='ltr'><strong>et</strong></span> <span class='ocrx_word' id='word_1_169' title='bbox 1091 2736 1150 2784; x_wconf 93' lang='lat' dir='ltr'><strong>vos</strong></span> <span class='ocrx_word' id='word_1_170' title='bbox 1163 2711 1260 2804; x_wconf 90' lang='lat' dir='ltr'><strong>hujus</strong></span> <span class='ocrx_word' id='word_1_171' title='bbox 1275 2713 1345 2782; x_wconf 89' lang='lat' dir='ltr'><strong>sitis</strong></span> <span class='ocrx_word' id='word_1_172' title='bbox 1360 2713 1476 2782; x_wconf 89' lang='lat' dir='ltr'><strong>remis·</strong></span> 
     </span>
     <span class='ocr_line' id='line_1_20' title="bbox 301 2839 1475 2934; baseline 0 -24"><span class='ocrx_word' id='word_1_173' title='bbox 301 2842 400 2911; x_wconf 89' lang='lat' dir='ltr'><strong>sionis</strong></span> <span class='ocrx_word' id='word_1_174' title='bbox 419 2839 603 2934; x_wconf 80' lang='lat' dir='ltr'><strong>participes,</strong></span> <span class='ocrx_word' id='word_1_175' title='bbox 624 2846 656 2910; x_wconf 89' lang='lat' dir='ltr'><strong>et</strong></span> <span class='ocrx_word' id='word_1_176' title='bbox 674 2840 704 2909; x_wconf 92' lang='lat' dir='ltr'><strong>in</strong></span> <span class='ocrx_word' id='word_1_177' title='bbox 725 2839 788 2910; x_wconf 91' lang='lat' dir='ltr'><strong>hoc</strong></span> <span class='ocrx_word' id='word_1_178' title='bbox 808 2839 937 2910; x_wconf 87' lang='lat' dir='ltr'><strong>devotio</strong></span> <span class='ocrx_word' id='word_1_179' title='bbox 958 2847 1066 2911; x_wconf 88' lang='lat' dir='ltr'><strong>vestra</strong></span> <span class='ocrx_word' id='word_1_180' title='bbox 1083 2840 1209 2934; x_wconf 89' lang='lat' dir='ltr'><strong>plenius</strong></span> <span class='ocrx_word' id='word_1_181' title='bbox 1228 2840 1415 2920; x_wconf 87' lang='lat' dir='ltr'><strong>elucescat;</strong></span> <span class='ocrx_word' id='word_1_182' title='bbox 1435 2839 1475 2910; x_wconf 87' lang='lat' dir='ltr'><strong>ad</strong></span> 
     </span>
     <span class='ocr_line' id='line_1_21' title="bbox 299 2965 1476 3059; baseline 0 -22"><span class='ocrx_word' id='word_1_183' title='bbox 299 2967 490 3059; x_wconf 88' lang='lat' dir='ltr'><strong>quodetiam</strong></span> <span class='ocrx_word' id='word_1_184' title='bbox 503 2965 691 3037; x_wconf 84' lang='lat' dir='ltr'><strong>laudabilius</strong></span> <span class='ocrx_word' id='word_1_185' title='bbox 701 2966 920 3058; x_wconf 82' lang='lat' dir='ltr'><strong>exequendum</strong></span> <span class='ocrx_word' id='word_1_186' title='bbox 932 2967 1023 3036; x_wconf 90' lang='lat' dir='ltr'><strong>vohis</strong></span> <span class='ocrx_word' id='word_1_187' title='bbox 1034 2989 1132 3038; x_wconf 94' lang='lat' dir='ltr'><strong>unum</strong></span> <span class='ocrx_word' id='word_1_188' title='bbox 1142 2967 1182 3038; x_wconf 89' lang='lat' dir='ltr'><strong>de</strong></span> <span class='ocrx_word' id='word_1_189' title='bbox 1192 2965 1345 3037; x_wconf 88' lang='lat' dir='ltr'><strong>lratribus</strong></span> <span class='ocrx_word' id='word_1_190' title='bbox 1357 2966 1476 3037; x_wconf 77' lang='lat' dir='ltr'><strong>militis</strong></span> 
     </span>
     <span class='ocr_line' id='line_1_22' title="bbox 298 3087 1475 3188; baseline -0.003 -24"><span class='ocrx_word' id='word_1_191' title='bbox 298 3093 433 3188; x_wconf 86' lang='lat' dir='ltr'><strong>Templi,</strong></span> <span class='ocrx_word' id='word_1_192' title='bbox 446 3093 582 3164; x_wconf 86' lang='lat' dir='ltr'><strong>alterum</strong></span> <span class='ocrx_word' id='word_1_193' title='bbox 594 3115 671 3163; x_wconf 90' lang='lat' dir='ltr'><strong>vero</strong></span> <span class='ocrx_word' id='word_1_194' title='bbox 688 3091 728 3162; x_wconf 92' lang='lat' dir='ltr'><strong>de</strong></span> <span class='ocrx_word' id='word_1_195' title='bbox 738 3087 1180 3187; x_wconf 79' lang='lat' dir='ltr'><strong>fratribusHierosolpmitani</strong></span> <span class='ocrx_word' id='word_1_196' title='bbox 1188 3092 1376 3186; x_wconf 85' lang='lat' dir='ltr'><strong>Hospitalis,</strong></span> <span class='ocrx_word' id='word_1_197' title='bbox 1387 3094 1475 3162; x_wconf 89' lang='lat' dir='ltr'><strong>viros</strong></span> 
     </span>
    </p>
   </div>
   <div class='ocr_carea' id='block_1_6' title="bbox 300 3220 1027 3440">
    <p class='ocr_par' dir='ltr' id='par_1_6' title="bbox 300 3220 1027 3440">
     <span class='ocr_line' id='line_1_23' title="bbox 300 3220 891 3316; baseline -0.003 -25"><span class='ocrx_word' id='word_1_198' title='bbox 300 3221 455 3292; x_wconf 87' lang='lat' dir='ltr'><strong>honestos</strong></span> <span class='ocrx_word' id='word_1_199' title='bbox 475 3229 509 3292; x_wconf 88' lang='lat' dir='ltr'><strong>et</strong></span> <span class='ocrx_word' id='word_1_200' title='bbox 526 3220 690 3316; x_wconf 89' lang='lat' dir='ltr'><strong>providos,</strong></span> <span class='ocrx_word' id='word_1_201' title='bbox 710 3221 891 3290; x_wconf 92' lang='lat' dir='ltr'><strong>assumatis.</strong></span> 
     </span>
     <span class='ocr_line' id='line_1_24' title="bbox 353 3346 1027 3440; baseline -0.006 -20"><span class='ocrx_word' id='word_1_202' title='bbox 353 3348 468 3420; x_wconf 81' lang='lat' dir='ltr'><strong>llatum</strong></span> <span class='ocrx_word' id='word_1_203' title='bbox 487 3347 571 3418; x_wconf 78' lang='lat' dir='ltr'><strong>Rem.</strong></span> <span class='ocrx_word' id='word_1_204' title='bbox 594 3347 704 3417; x_wconf 88' lang='lat' dir='ltr'><strong>XVlll.</strong></span> <span class='ocrx_word' id='word_1_205' title='bbox 725 3346 793 3418; x_wconf 87' lang='lat' dir='ltr'><strong>Kal.</strong></span> <span class='ocrx_word' id='word_1_206' title='bbox 814 3347 1027 3440; x_wconf 88' lang='lat' dir='ltr'><strong>Septembris.</strong></span> 
     </span>
    </p>
   </div>
   <div class='ocr_carea' id='block_1_7' title="bbox 814 3527 964 3596">
    <p class='ocr_par' dir='ltr' id='par_1_7' title="bbox 814 3527 964 3596">
     <span class='ocr_line' id='line_1_25' title="bbox 814 3527 964 3596; baseline 0 0"><span class='ocrx_word' id='word_1_207' title='bbox 814 3527 964 3596; x_wconf 82' lang='lat' dir='ltr'><strong>nxxxn.</strong></span> 
     </span>
    </p>
   </div>
   <div class='ocr_carea' id='block_1_8' title="bbox 541 3667 1235 3854">
    <p class='ocr_par' dir='ltr' id='par_1_8' title="bbox 541 3667 1235 3854">
     <span class='ocr_line' id='line_1_26' title="bbox 541 3667 1235 3751; baseline -0.009 -18"><span class='ocrx_word' id='word_1_208' title='bbox 541 3669 727 3733; x_wconf 85' lang='lat' dir='ltr'><strong>lnnecentlus</strong></span> <span class='ocrx_word' id='word_1_209' title='bbox 744 3669 785 3730; x_wconf 88' lang='grc' dir='ltr'><strong>ΙΙΙ</strong></span> <span class='ocrx_word' id='word_1_210' title='bbox 801 3668 872 3731; x_wconf 84' lang='lat' dir='ltr'><strong>boel</strong></span> <span class='ocrx_word' id='word_1_211' title='bbox 885 3673 915 3732; x_wconf 87' lang='lat' dir='ltr'><strong>ot</strong></span> <span class='ocrx_word' id='word_1_212' title='bbox 930 3667 1039 3751; x_wconf 78' lang='lat' dir='ltr'><strong>Populo</strong></span> <span class='ocrx_word' id='word_1_213' title='bbox 1055 3667 1235 3732; x_wconf 77' lang='lat' dir='ltr'><strong>Venetorum.</strong></span> 
     </span>
     <span class='ocr_line' id='line_1_27' title="bbox 649 3789 1126 3854; baseline -0.004 -8"><span class='ocrx_word' id='word_1_214' title='bbox 649 3793 679 3846; x_wconf 82' lang='grc' dir='ltr'><strong>Α.</strong></span> <span class='ocrx_word' id='word_1_215' title='bbox 693 3791 718 3844; x_wconf 95' lang='lat' dir='ltr'><strong>d.</strong></span> <span class='ocrx_word' id='word_1_216' title='bbox 733 3790 811 3854; x_wconf 81' lang='lat'><strong>1198,</strong></span> <span class='ocrx_word' id='word_1_217' title='bbox 824 3789 867 3844; x_wconf 90' lang='lat' dir='ltr'><strong>die</strong></span> <span class='ocrx_word' id='word_1_218' title='bbox 880 3793 905 3846; x_wconf 80' lang='grc'><strong>3.</strong></span> <span class='ocrx_word' id='word_1_219' title='bbox 920 3808 951 3843; x_wconf 90' lang='lat' dir='ltr'><strong>m.</strong></span> <span class='ocrx_word' id='word_1_220' title='bbox 966 3789 1126 3844; x_wconf 78' lang='lat' dir='ltr'><strong>Decembris.</strong></span> 
     </span>
    </p>
   </div>
   <div class='ocr_carea' id='block_1_9' title="bbox 386 3899 1476 3988">
    <p class='ocr_par' dir='ltr' id='par_1_9' title="bbox 386 3899 1476 3988">
     <span class='ocr_line' id='line_1_28' title="bbox 386 3899 1476 3988; baseline -0.005 -22"><span class='ocrx_word' id='word_1_221' title='bbox 386 3903 584 3988; x_wconf 83' lang='lat' dir='ltr'><strong>Epistularum</strong></span> <span class='ocrx_word' id='word_1_222' title='bbox 606 3901 822 3966; x_wconf 87' lang='lat' dir='ltr'><strong>innocentii</strong></span> <span class='ocrx_word' id='word_1_223' title='bbox 845 3901 884 3965; x_wconf 89' lang='lat'><strong>111</strong></span> <span class='ocrx_word' id='word_1_224' title='bbox 905 3899 972 3966; x_wconf 82' lang='lat' dir='ltr'><strong>bib.</strong></span> <span class='ocrx_word' id='word_1_225' title='bbox 989 3903 1012 3972; x_wconf 89' lang='lat'><strong>1,</strong></span> <span class='ocrx_word' id='word_1_226' title='bbox 1029 3921 1078 3986; x_wconf 87' lang='lat' dir='ltr'><strong>ep.</strong></span> <span class='ocrx_word' id='word_1_227' title='bbox 1095 3901 1170 3972; x_wconf 78' lang='lat'><strong>539,</strong></span> <span class='ocrx_word' id='word_1_228' title='bbox 1187 3901 1223 3964; x_wconf 88' lang='grc' dir='ltr'><strong>Τ.</strong></span> <span class='ocrx_word' id='word_1_229' title='bbox 1241 3899 1261 3973; x_wconf 92' lang='lat' dir='ltr'><strong>l,</strong></span> <span class='ocrx_word' id='word_1_230' title='bbox 1282 3919 1311 3984; x_wconf 92' lang='lat' dir='ltr'><strong>p.</strong></span> <span class='ocrx_word' id='word_1_231' title='bbox 1329 3899 1407 3976; x_wconf 82' lang='grc'>306,</span> <span class='ocrx_word' id='word_1_232' title='bbox 1425 3899 1476 3964; x_wconf 73' lang='lat' dir='ltr'><strong>ed,</strong></span> 
     </span>
    </p>
   </div>
   <div class='ocr_carea' id='block_1_10' title="bbox 300 4010 1478 4295">
    <p class='ocr_par' dir='ltr' id='par_1_10' title="bbox 300 4010 1478 4295">
     <span class='ocr_line' id='line_1_29' title="bbox 302 4010 727 4098; baseline -0.012 -20"><span class='ocrx_word' id='word_1_233' title='bbox 302 4013 516 4098; x_wconf 89' lang='lat' dir='ltr'><strong>Stephanus</strong></span> <span class='ocrx_word' id='word_1_234' title='bbox 540 4010 727 4075; x_wconf 85' lang='lat' dir='ltr'><strong>Baluzius.</strong></span> 
     </span>
     <span class='ocr_line' id='line_1_30' title="bbox 387 4119 1478 4205; baseline -0.003 -18"><span class='ocrx_word' id='word_1_235' title='bbox 387 4121 435 4187; x_wconf 85' lang='lat' dir='ltr'><strong>Nc</strong></span> <span class='ocrx_word' id='word_1_236' title='bbox 463 4121 633 4188; x_wconf 80' lang='lat' dir='ltr'><strong>Saracenis</strong></span> <span class='ocrx_word' id='word_1_237' title='bbox 664 4142 754 4186; x_wconf 79' lang='lat' dir='ltr'><strong>arum</strong></span> <span class='ocrx_word' id='word_1_238' title='bbox 783 4127 814 4184; x_wconf 83' lang='lat' dir='ltr'><strong>ct</strong></span> <span class='ocrx_word' id='word_1_239' title='bbox 843 4119 1013 4186; x_wconf 64' lang='lat' dir='ltr'><strong>obsidium</strong></span> <span class='ocrx_word' id='word_1_240' title='bbox 1047 4119 1282 4186; x_wconf 80' lang='lat' dir='ltr'><strong>subministrent</strong></span> <span class='ocrx_word' id='word_1_241' title='bbox 1311 4125 1478 4205; x_wconf 68' lang='lat' dir='ltr'><strong>protextu</strong></span> 
     </span>
     <span class='ocr_line' id='line_1_31' title="bbox 300 4237 492 4295; baseline -0.016 0"><span class='ocrx_word' id='word_1_242' title='bbox 300 4237 492 4295; x_wconf 71' lang='lat' dir='ltr'><strong>mmouturae.</strong></span> 
     </span>
    </p>
   </div>
   <div class='ocr_carea' id='block_1_11' title="bbox 299 4361 1478 4712">
    <p class='ocr_par' dir='ltr' id='par_1_11' title="bbox 299 4361 1478 4712">
     <span class='ocr_line' id='line_1_32' title="bbox 389 4361 1478 4456; baseline -0.002 -22"><span class='ocrx_word' id='word_1_243' title='bbox 389 4363 424 4434; x_wconf 92' lang='lat' dir='ltr'><strong>ln</strong></span> <span class='ocrx_word' id='word_1_244' title='bbox 438 4363 582 4434; x_wconf 84' lang='lat' dir='ltr'><strong>savorem</strong></span> <span class='ocrx_word' id='word_1_245' title='bbox 592 4363 757 4434; x_wconf 89' lang='lat' dir='ltr'><strong>orientalis</strong></span> <span class='ocrx_word' id='word_1_246' title='bbox 767 4361 964 4456; x_wconf 87' lang='lat' dir='ltr'><strong>provinciae,</strong></span> <span class='ocrx_word' id='word_1_247' title='bbox 978 4365 1328 4455; x_wconf 87' lang='lat' dir='ltr'><strong>praeterpeecatorum</strong></span> <span class='ocrx_word' id='word_1_248' title='bbox 1339 4363 1478 4444; x_wconf 89' lang='lat' dir='ltr'><strong>veniam,</strong></span> 
     </span>
     <span class='ocr_line' id='line_1_33' title="bbox 299 4485 1475 4584; baseline 0.002 -26"><span class='ocrx_word' id='word_1_249' title='bbox 299 4511 393 4584; x_wconf 89' lang='lat' dir='ltr'><strong>quam</strong></span> <span class='ocrx_word' id='word_1_250' title='bbox 411 4489 443 4558; x_wconf 88' lang='lat' dir='ltr'><strong>in</strong></span> <span class='ocrx_word' id='word_1_251' title='bbox 461 4488 528 4560; x_wconf 93' lang='lat' dir='ltr'><strong>suis</strong></span> <span class='ocrx_word' id='word_1_252' title='bbox 547 4487 622 4559; x_wconf 90' lang='lat' dir='ltr'><strong>illue</strong></span> <span class='ocrx_word' id='word_1_253' title='bbox 641 4487 788 4582; x_wconf 86' lang='lat' dir='ltr'><strong>expensis</strong></span> <span class='ocrx_word' id='word_1_254' title='bbox 807 4485 1089 4582; x_wconf 88' lang='lat' dir='ltr'><strong>proficiscentibus</strong></span> <span class='ocrx_word' id='word_1_255' title='bbox 1107 4485 1315 4580; x_wconf 90' lang='lat' dir='ltr'><strong>pollicemur,</strong></span> <span class='ocrx_word' id='word_1_256' title='bbox 1336 4493 1371 4556; x_wconf 88' lang='lat' dir='ltr'><strong>et</strong></span> <span class='ocrx_word' id='word_1_257' title='bbox 1389 4507 1475 4581; x_wconf 90' lang='lat' dir='ltr'><strong>apo-</strong></span> 
     </span>
     <span class='ocr_line' id='line_1_34' title="bbox 299 4613 1477 4712; baseline 0 -24"><span class='ocrx_word' id='word_1_258' title='bbox 299 4617 433 4690; x_wconf 86' lang='lat' dir='ltr'><strong>stolicae</strong></span> <span class='ocrx_word' id='word_1_259' title='bbox 452 4616 665 4712; x_wconf 88' lang='lat' dir='ltr'><strong>protectionis</strong></span> <span class='ocrx_word' id='word_1_260' title='bbox 683 4616 833 4710; x_wconf 80' lang='lat' dir='ltr'><strong>gratiam,</strong></span> <span class='ocrx_word' id='word_1_261' title='bbox 854 4637 947 4710; x_wconf 85' lang='lat' dir='ltr'><strong>quem</strong></span> <span class='ocrx_word' id='word_1_262' title='bbox 967 4613 1071 4684; x_wconf 90' lang='lat' dir='ltr'><strong>eidem</strong></span> <span class='ocrx_word' id='word_1_263' title='bbox 1084 4621 1192 4686; x_wconf 86' lang='lat' dir='ltr'><strong>terrae</strong></span> <span class='ocrx_word' id='word_1_264' title='bbox 1206 4613 1477 4688; x_wconf 82' lang='lat' dir='ltr'><strong>subvenientibus</strong></span> 
     </span>
    </p>
   </div>
   <div class='ocr_carea' id='block_1_12' title="bbox 0 0 1565 5076">
    <p class='ocr_par' dir='ltr' id='par_1_12' title="bbox 0 0 1565 5076">
     <span class='ocr_line' id='line_1_35' title="bbox 0 0 1565 5076; baseline 0 0"><span class='ocrx_word' id='word_1_265' title='bbox 0 0 1565 5076; x_wconf 95' lang='lat' dir='ltr'><strong> </strong></span> 
     </span>
    </p>
   </div>
  </div>
 </body>
</html>
