3110 5080
310 350 388 423 402
773 356 892 412 Pteron
907 356 1038 414 uorsus.

335 532 378 603 n.
394 532 507 626 judex.
960 528 1158 622 Saluagnus.

336 661 376 730 G.
398 660 438 732 de
458 658 667 732 Abundantia
676 649 719 750 ¹).
923 673 931 688 ·
959 653 1085 726 Nobilis
1105 654 1288 726 Conradus.

334 788 373 858 B.
393 787 477 858 tilius
495 784 674 856 Michaelis.
959 783 1084 854 Annus.

334 911 677 986 pumannum.
957 909 988 984 J.
1010 885 1228 1004 nnumin).

335 1033 460 1136 Epri').
958 1037 995 1108 P.
1016 1037 1057 1108 de
1076 1037 1139 1109 Pro
1157 1027 1351 1128 Martiuo⁶).

334 1148 470 1261 Wegi³j
491 1165 670 1240 Dolatoria.
956 1165 992 1235 Ρ.
1014 1159 1138 1256 delta')
1159 1164 1271 1235 Porta.

334 1297 374 1367 G.
395 1295 479 1366 filius
501 1293 657 1366 Odolriei.
958 1292 993 1363 S.
1016 1291 1100 1363 tilius
1119 1289 1312 1362 Presbiteri.

333 1423 369 1493 P.
389 1421 473 1492 tilius
492 1420 640 1492 Ursouis.
955 1417 986 1490 J.
1007 1417 1048 1490 de
1066 1417 1191 1490 Sonue.

333 1549 373 1619 A.
393 1549 477 1620 titius
498 1549 602 1619 Bone.
956 1543 1113 1615 Martinus
1132 1541 1261 1638 Longa.

333 1673 445 1746 Vitatis
463 1673 701 1746 Dabundantia.
955 1671 994 1743 O.
1013 1665 1187 1763 nonam).

331 1801 374 1872 Μ.
396 1801 437 1872 de
457 1791 656 1893 Gosstniat).
955 1799 1167 1872 crescentius
1187 1797 1229 1870 de
1248 1797 1376 1870 Riuold.

332 1927 369 1999 G.
391 1927 511 2000 Doroa.
954 1918 1193 2030 Mainardus').
1267 1967 1271 1977 ·

395 2055 532 2151 Insuper
551 2055 648 2126 etiam
665 2075 728 2126 noa
747 2073 861 2127 omnes
880 2052 1027 2124 homines
1045 2051 1155 2147 nugo
1178 2057 1244 2124 tam
1268 2049 1496 2144 suprascripti,

210 2203 213 2209 ’
306 2205 401 2275 quam
419 2181 471 2253 alii
492 2173 717 2254 universaliter
734 2161 968 2275 promittimus,
993 2180 1100 2252 omnia
1118 2179 1342 2274 suprascripta
1360 2178 1495 2252 inviota-

306 2309 414 2382 biliter
439 2309 627 2382 observare.
657 2309 806 2401 nequod
825 2309 911 2380 omni
930 2331 1014 2380 anno
1033 2307 1266 2404 perpetualiter
1284 2329 1347 2378 nos
1366 2314 1402 2380 et
1419 2331 1494 2379 suo·

305 2459 460 2508 cessores
493 2435 599 2508 nostri
635 2434 728 2506 vobis
761 2433 892 2506 domino
926 2435 1009 2508 Duei
1037 2443 1071 2508 et
1098 2437 1215 2508 restris
1247 2434 1495 2508 suecessoribus

304 2564 434 2652 solvere
453 2561 629 2634 debeamus
649 2561 699 2633 vel
718 2561 799 2632 sotri
818 2562 929 2634 farere
948 2586 1047 2634 trrnas
1066 2563 1143 2634 boni
1158 2563 1220 2633 vini
1235 2563 1309 2656 puri
1323 2561 1366 2634 de
1379 2570 1494 2636 nostro

305 2692 473 2763 temitorio
499 2691 755 2784 vigintiquinque
781 2691 903 2762 nostris
928 2689 1078 2786 expensis
1102 2689 1144 2760 ad
1162 2689 1318 2763 Duootem
1342 2690 1447 2782 ripam
1465 2690 1493 2757 io

304 2819 390 2891 testo
411 2819 524 2892 Sancti
543 2817 683 2890 Martini.
712 2817 818 2911 Igitur
836 2818 863 2888 si
883 2825 997 2890 eontra
1008 2810 1050 2911 ¹⁰)
1070 2817 1156 2889 hono
1173 2817 1348 2912 pactionis,
1368 2818 1495 2890 cautio·

304 2945 353 3017 nis
374 2953 407 3017 et
425 2945 651 3040 promissionis
670 2944 826 3016 cartulam
840 2945 889 3016 ire
901 2946 1175 3040 temptaverimus,
1196 2965 1399 3038 componere
1417 2967 1495 3038 pro-

306 3074 459 3163 mittimus
475 3097 548 3144 eum
563 3072 685 3144 nostris
696 3071 947 3143 suecessoribus
962 3071 1054 3142 robis
1069 3079 1103 3143 et
1115 3073 1234 3143 vestris
1246 3071 1494 3144 suecessoribus

303 3201 374 3272 ariri
405 3199 637 3272 obritilibras
665 3206 813 3282 eentum;
848 3191 932 3293 et¹¹)
960 3199 1030 3272 haee
1055 3200 1233 3282 cautionis,
1266 3197 1493 3292 promissionis

213 3329 218 3340 '
306 3335 397 3398 carta
418 3334 546 3397 maneat
565 3325 597 3396 in
616 3348 676 3397 sua
695 3326 858 3398 firmitate.

394 3455 495 3526 Huius
515 3454 562 3524 rei
580 3459 686 3525 testes
704 3455 855 3524 fuerunt:

394 3581 578 3652 Almerious
596 3579 692 3652 testis
710 3585 810 3675 eaput
828 3575 1000 3673 Ystrie¹²).

391 3709 496 3801 Jugus
516 3707 557 3778 de
576 3707 718 3779 Telmun.

326 3935 353 4008 ¹)
372 3935 597 3992 ttabuodantia
617 3937 670 3991 LA.
949 3935 978 4010 θ)
998 3937 1197 4011 ttaynardus
1214 3937 1266 3992 LA.

325 4031 354 4106 ¹)
373 4033 451 4099 Epo
469 4027 523 4082 LA.
937 4027 980 4104 ²⁰)
999 4029 1026 4084 si
1044 4031 1161 4088 eontra
1180 4028 1262 4083 hane
1281 4027 1350 4092 LA.;
1376 4033 1490 4084 eontra

324 4123 351 4196 ⁸)
372 4118 482 4190 wigr
503 4119 557 4174 LA.
998 4137 1048 4174 om.
1061 4119 1111 4172 LP.

325 4212 354 4287 ⁴)
375 4213 526 4271 Gossima
546 4212 599 4266 LA.
939 4207 979 4284 ¹¹)
999 4217 1033 4265 at
1058 4209 1138 4266 haas
1166 4207 1343 4280 pactionis
1367 4214 1487 4264 eteau·

323 4300 666 4378 ⁶)TranquiltuaLA.
995 4299 1135 4364 tionis,
1171 4315 1280 4372 prom.
1317 4299 1371 4354 LA.
1416 4297 1485 4366 Quod

323 4393 351 4468 ⁸)
370 4393 584 4450 Premartiuo
601 4389 653 4446 LA.
995 4387 1152 4462 eligendum.

325 4483 353 4558 7)
373 4485 411 4540 do
430 4486 460 4539 ta
479 4485 532 4540 LA.
938 4479 978 4555 ¹¹)
997 4479 1125 4537 Histria
1144 4481 1197 4536 LA.

324 4574 575 4648 ⁸)AdrianLA.
