3148 5080
472 393 712 454 Dsrrsorucnruu
727 399 825 454 Ᾰυιιιι
839 393 858 448 l.
1208 367 1260 440 lli

60 565 152 624 αὐτόν
167 559 320 644 δυνάμεις
328 559 408 644 μηδὲ
425 567 458 624 τὸ
475 561 636 628 πολλοστὸν
691 561 884 646 significavit.
914 557 1023 622 Verum
1048 553 1137 618 otiam
1162 550 1261 614 Vene-

60 679 121 731 τῶν
134 679 191 732 τοῦ
203 667 638 756 Ῥομαέρτουσνιζούσαςκα·
692 677 740 738 tos
759 720 766 736 .
785 719 793 735 .
816 663 1085 755 pollicitationibus
1109 660 1260 744 donisque

61 789 197 860 τανοῶν,
221 779 291 843 δέον
308 784 418 866 ἔκρινεν
435 784 538 854 λιτῆς
555 783 637 861 ἑῴας
691 785 722 848 in
738 779 876 846 auxilium
893 775 1029 848 vocarit,
1054 771 1110 836 alia
1132 766 1260 854 promit-

64 895 137 960 τοὺς
162 889 324 974 Τούσκους
346 890 638 973 μετακαλέσασθαι·
692 898 774 961 teos.
802 887 860 954 alia
883 885 984 952 stetim
1000 881 1151 950 offerens,
1173 875 1261 940 dum-

62 1002 293 1068 ιιαὶσηνικαῦσα
304 1005 371 1082 περὶ
384 997 638 1082 τόυτσυδηλοῖτῷ
693 999 781 1066 morlo
811 1015 914 1062 omncs
945 999 1035 1058 terrae
1062 1007 1125 1054 sum
1156 987 1261 1068 copias

64 1104 245 1186 Σσνλτάνῳ.
267 1107 364 1172 Ἀλλὰ
379 1110 638 1180 καὶσοὺςΒενειέ-
693 1108 814 1176 corales
845 1121 963 1170 armare
1000 1105 1031 1166 et
1062 1095 1260 1181 Dyrrachium

64 1235 134 1288 κους
150 1216 370 1300 προσκαλεῖται
388 1215 426 1280 δι’
443 1223 638 1304 ὑποσχέσεων
693 1216 854 1282 celerrime
870 1219 975 1300 potere
991 1207 1114 1280 vellent,
1134 1210 1167 1270 ut
1183 1203 1261 1268 hanc

64 1322 358 1412 ιαῐσώροιν.πο“ιμὲν
366 1327 637 1412 ἐπαγγειλάμενος,
694 1325 798 1390 urbem
820 1326 989 1390 tuerentur.
1015 1323 1136 1384 etcum
1160 1313 1261 1380 classe

67 1439 105 1496 σά
123 1431 157 1496 δὲ
174 1440 227 1497 καὶ
240 1441 404 1520 προτείνων
416 1433 489 1507 ἤδη,
506 1439 532 1497 sl
547 1441 638 1518 μόνον
694 1434 817 1500 llohcrti
856 1432 918 1498 acri
950 1427 1065 1514 proelio
1097 1423 1262 1490 contende·

63 1541 233 1614 θελήσαιεν
248 1547 639 1618 τοναυεινιόνάπάσηςτής
694 1549 769 1608 rent.
805 1543 900 1626 Sique
927 1540 1090 1602 secundum
1115 1554 1167 1608 ea,
1195 1551 1260 1617 quae

64 1655 179 1736 χώρας
192 1655 300 1716 αὐτῶν
309 1648 520 1727 ἐξοπλίσαιιαι
529 1659 638 1738 τάχιον
694 1655 740 1720 eis
767 1655 871 1718 essent
895 1647 1082 1732 significata,
1114 1643 1261 1726 egissent,

64 1762 106 1832 εἰς
121 1765 157 1822 τὸ
169 1763 352 1846 Δυρράχιον
369 1761 569 1846 καταλαβεῖν,
587 1764 636 1848 ἐφ’
693 1765 759 1828 slve
774 1761 832 1828 deo
845 1760 970 1844 jurante
982 1755 1137 1822 victoriam
1152 1771 1260 1836 repor-

65 1870 88 1950 ᾡ
103 1879 197 1933 τοῦτο
213 1875 270 1952 μὲν
287 1865 434 1956 φυλάξαι,
450 1879 528 1954 μετὰ
542 1871 575 1934 δὲ
587 1881 639 1934 τοῦ
694 1875 826 1942 tassent,
851 1869 917 1934 sire
934 1913 942 1930 .
960 1915 967 1928 .
988 1864 1122 1949 superati
1146 1865 1261 1938 essent,

65 1978 172 2042 στόλου
197 1987 253 2042 τοῦ
275 1979 466 2065 Ῥομπέρσου
495 1985 638 2067 καρτερὸν
694 1981 798 2046 cariem
821 1979 872 2044 illa
896 1974 1060 2040 secunolum
1085 1971 1262 2056 promissio·

67 2089 291 2158 συστήσασθαι
301 2089 441 2172 πόλεμον.
458 2093 516 2153 Καὶ
526 2094 552 2152 εἰ
557 2095 638 2154 κατὰ
695 2111 761 2154 nom
779 2091 957 2172 accepturos
975 2103 1056 2156 osso,
1073 2081 1138 2146 acsi
1155 2084 1263 2164 poten·

66 2195 353 2279 τάδιαμηνυθέντα
360 2201 637 2270 αὐτοῖςποιήσαιεν.
694 2204 741 2264 ter
757 2194 913 2286 (hostem)
931 2193 1087 2260 vicissent·
1108 2190 1261 2254 Prtctcrffl

67 2307 498 2391 εἶτεθεοῡὲπαρὴγοντοςιὴν
509 2319 639 2372 νικῶσαν
694 2308 796 2384 etiam,
812 2323 998 2392 quocunque
1010 2305 1169 2387 cuperent,
1187 2319 1263 2386 qua·

1 2417 2 2430 ²
68 2426 179 2498 σχοῖεν,
202 2419 262 2478 ελσε
283 2460 290 2475 .
310 2461 318 2477 .
342 2417 516 2490 ἡττηθεῖεν,
541 2421 639 2482 ἐκεῖνα
693 2424 782 2482 tenus
820 2415 902 2481 salva
939 2412 1094 2497 republica
1130 2409 1261 2474 Romane

70 2529 149 2586 αὐτὰ
173 2523 325 2606 λὴψονται
347 2530 427 2590 κατὰ
444 2531 484 2588 τὰ
500 2532 639 2611 ὑπισχη-
694 2526 821 2592 concedi
834 2529 971 2610 possent,
988 2544 1035 2600 ea,
1056 2521 1145 2586 bullis
1161 2521 1262 2586 aureis

68 2639 155 2714 μένα,
180 2637 286 2718 ὥσπερ
309 2638 335 2696 εἰ
357 2639 438 2698 κατὰ
454 2641 567 2720 κράτος
584 2639 640 2698 ἐνί-
696 2637 827 2712 tinente,
856 2633 1022 2718 prrestitum
1054 2632 1101 2696 iri.
1141 2630 1165 2694 li
1193 2649 1265 2694 rero

71 2763 178 2811 αησαν.
207 2741 303 2805 'nuo
320 2751 371 2806 καλ
387 2747 486 2808 ὁπόσα
503 2757 563 2808 τῶν
579 2746 639 2809 Sr-
696 2746 743 2810 his
759 2744 886 2814 auditis.
908 2761 1095 2827 quocunque
1113 2738 1265 2812 volebant,

72 2849 215 2933 λημάτων
242 2853 345 2914 αὐτῶν
367 2857 410 2934 μὴ
433 2853 586 2942 ἐπισφαλῆ
603 2867 639 2935 τῇ
695 2875 751 2939 per
781 2852 900 2934 legatos
933 2851 1032 2916 denuo
1067 2847 1265 2934 postulantes,

1 3025 2 3048 1
71 2967 128 3020 τῶν
143 2958 313 3042 Ῥωμαίων
327 2963 411 3045 ἀρχῇ
425 2963 641 3036 struerentu-
696 2963 784 3026 tidem
814 2959 1046 3045 promissionum
1069 2961 1264 3043 acceperunt.

72 3070 291 3152 σωθήσονται,
323 3069 375 3133 διὰ
403 3071 640 3156 χρυσοβοὺλλων
694 3073 820 3158 Jamque
843 3069 943 3134 classe
964 3068 1060 3130 omnis
1076 3067 1198 3148 generis
1217 3087 1268 3130 na-

1 3169 2 3210 3
73 3175 167 3261 λόγων
190 3177 426 3272 ἐμπεδωβένια.
453 3184 491 3244 Οἱ
512 3179 545 3244 δὲ
569 3187 641 3244 σου·
696 3181 786 3264 vigile
808 3184 911 3242 ornata
936 3177 1135 3262 Dyrrachium
1157 3175 1265 3240 ordine

1 3269 2 3272 ¹
74 3309 129 3348 συν
158 3291 348 3359 ἀκούσαντες
375 3293 496 3361 πάντα,
525 3293 640 3375 ὅσαπερ
696 3290 769 3353 eatis
785 3288 862 3352 hono
878 3285 1006 3358 solvunt,
1024 3285 1176 3370 multaque
1192 3304 1263 3369 spa-

75 3394 194 3466 ἦθελον,
208 3397 309 3469 αὖθις
323 3396 375 3460 διὰ
385 3397 544 3484 πρέσβεων
558 3395 641 3472 ἐξαι-
697 3399 738 3462 lia
753 3398 867 3463 emensi
890 3393 1043 3479 appellunt
1064 3394 1101 3458 ad
1123 3393 1265 3479 templum

75 3510 246 3587 τισάμενοι,
254 3511 313 3578 τὰς
321 3511 500 3591 ὑποσχέσεις
507 3505 643 3590 βεβαίας
699 3509 727 3570 in
745 3507 863 3572 nomine
880 3505 983 3568 matris
999 3503 1049 3567 dei
1066 3507 1266 3587 superimme-

75 3609 278 3696 λαμβάνουσι.
333 3618 506 3686 Τηνικαῦσα
545 3623 642 3678 τοίνυν
697 3616 804 3680 culatao
821 3614 891 3678 olim
908 3618 1110 3689 exstructum,
1135 3615 1164 3676 iu
1187 3612 1265 3684 loco,

78 3721 173 3784 στόλον
187 3727 421 3807 εὐσρεπίσαντες
434 3722 485 3786 διὰ
498 3731 642 3788 παντοίου
697 3724 747 3808 qui
785 3723 877 3786 Pallia
914 3725 1055 3795 vocatur,
1093 3743 1109 3786 a
1141 3721 1265 3788 Roherti

79 3827 170 3902 εἴδους
182 3832 307 3902 πλοίων,
320 3837 370 3894 τὸν
384 3836 460 3918 πρὸς
468 3837 642 3918 Δυρράχιον
697 3834 816 3904 castris,
834 3837 917 3896 extra
933 3831 1130 3915 Dyrrachium
1147 3831 1265 3915 positis,

82 3939 229 4002 ἀπόπλουν
254 3943 410 4002 ἐποιοῦντο
438 3949 491 4004 σὺν
518 3937 643 4021 εὐταξίᾳ
698 3941 867 4008 octodecim
891 3941 956 4004 iere
977 3939 1141 4002 stadiorum
1158 3942 1265 4023 spatio.

80 4046 174 4128 πολλῇ.
200 4049 262 4110 Καὶ
277 4047 404 4120 πολλοὺς
417 4049 454 4134 (Ι.
469 4049 602 4134 πολλὰς)
614 4049 641 4135 ¹)
698 4049 831 4134 Cumque
846 4047 969 4112 lloherti
987 4047 1115 4112 classem
1129 4051 1174 4112 cis
1187 4049 1267 4132 Dyr·

81 4153 236 4227 κελεύθους
246 4152 642 4240 διανηξάμενσικαιέλαβον
697 4159 830 4224 rachium
855 4157 959 4220 urhem
979 4159 1057 4220 omui
1081 4159 1266 4222 instrumen-

81 4267 110 4322 τό
132 4263 176 4326 ἐπ’
198 4267 327 4347 ὀνόματι
352 4275 409 4336 τῆς
434 4271 642 4350 ὑπεραμώμου
697 4272 794 4332 torum
821 4265 997 4330 bellicorum
1024 4284 1140 4347 genere
1167 4267 1266 4330 muni·

83 4369 218 4436 θεοιόκον
260 4374 358 4436 πάλαι
400 4373 643 4458 ἀνοαοδομηθὲν
698 4381 755 4440 tam
786 4375 1033 4458 conspexissent,
1069 4376 1194 4440 animum
1228 4376 1265 4439 ad

107 4597 132 4671 ¹)
148 4603 192 4658 El.
205 4605 305 4660 Bono:
324 4607 404 4677 ,lopo
418 4605 555 4678 πελάνους.
574 4607 850 4680 virescentem)
