3130 5082
274 372 427 425 'Surenam
442 369 566 424 Garunna
580 387 714 426 ruarmo
724 384 879 424 ronanuuu
893 384 923 421 ιιι
938 369 1059 422 Auerno.
1188 355 1262 428 125
1327 428 1329 431 ,

637 613 706 682 nn.

91 755 241 837 Stephanus
265 755 386 838 capello
409 757 532 834 tutetur,
555 775 588 818 se
604 756 753 838 recepisse
770 773 788 818 a
804 755 903 816 irtsrc
925 753 954 816 S.
972 753 1060 816 florei
1079 755 1115 816 rte
1139 753 1263 816 embolis

89 865 121 928 lo
135 865 384 948 torstautlnpoll
401 866 548 947 quondam
564 867 709 946 pecuniae
725 882 874 942 sunan,
898 881 952 946 pro
972 881 1031 944 qua
1048 862 1113 925 locs
1130 861 1263 944 plgusrls

210 975 303 1038 tradit
319 975 347 1038 ol
367 979 463 1038 terras
481 975 641 1056 positast·
658 973 787 1036 harmlrs
804 973 840 1035 te
856 972 1124 1053 Constantinopoli.

484 1115 515 1167 Α.
530 1113 554 1167 d.
569 1113 648 1176 1150,
662 1130 695 1166 m.
708 1111 855 1166 Decembri.

167 1241 376 1306 Flaminius
405 1241 634 1313 Cornelius,
667 1241 823 1304 Ecclesiae
853 1239 985 1303 Venetae
1013 1243 1131 1322 antiqua
1159 1260 1264 1302 monu-

16 1371 20 1394 ÷
88 1356 185 1438 menta.
201 1349 326 1413 decadis
343 1351 382 1414 Xl
399 1355 483 1434 parte
501 1352 679 1434 posteriore.
698 1371 766 1432 pag.
785 1351 851 1414 223
868 1370 913 1431 sq.

16 1471 17 1476 ’
168 1457 208 1522 Ex
224 1459 409 1542 autographo
426 1459 456 1520 in
474 1459 596 1521 archiro
614 1459 786 1522 monasterii
804 1479 829 1520 s.
848 1457 974 1537 Georgii
991 1456 1122 1537 majoris.

168 1628 201 1697 lu
220 1628 352 1696 nominc
372 1626 564 1726 dominidei
581 1633 614 1697 et
628 1626 800 1697 salvatoris
814 1629 918 1696 nostri
932 1628 1011 1697 lesu
1028 1626 1161 1708 Christi,
1181 1650 1265 1697 auno

89 1753 196 1823 domiui
215 1754 384 1824 millesimo
405 1755 584 1825 centesimo
605 1753 893 1846 quinquagesimo,
922 1753 1042 1822 mensis
1062 1753 1266 1840 Decembris,

16 1859 18 1906 l
88 1879 253 1950 indictione
273 1888 389 1972 quarta
409 1881 547 1962 decima,
567 1881 834 1950 Consrmrmorom.

165 1983 357 2074 Manifestus
384 2027 454 2074 sum
483 2027 548 2096 ego
576 2004 703 2096 quidem
723 2003 911 2096 Stephanus
931 2003 1065 2096 Capella
1093 2003 1134 2072 de
1161 2004 1267 2096 majo-

16 2157 17 2160 *
89 2129 168 2200 ribus
191 2155 264 2200 oum
292 2131 372 2200 meis
401 2129 595 2212 heredibus,
625 2130 699 2222 quia
724 2129 835 2222 recepi
856 2128 896 2198 de
915 2134 949 2198 te
970 2129 1116 2222 quidem,
1147 2129 1268 2200 domno

16 2317 18 2352 ³
90 2257 189 2340 Petro,
208 2257 372 2326 monacho
390 2257 492 2350 priori
512 2257 548 2325 S.
570 2255 681 2338 Marci,
707 2256 810 2326 nostri
831 2255 949 2325 emboli
969 2255 1010 2324 dc
1030 2257 1267 2326 Constantino-

16 2365 18 2390 ὲ
89 2383 159 2474 poli,
176 2391 208 2454 et
227 2383 291 2453 tuis
307 2382 556 2452 successoribus
575 2405 736 2476 perperos
751 2383 819 2450 auri
839 2380 946 2450 bonos
960 2404 1063 2452 novos
1078 2375 1267 2476 pesautes¹)

88 2510 288 2602 octingentos
314 2509 425 2602 viginti
454 2509 553 2590 duos,
584 2533 667 2602 quos
691 2515 728 2578 tu
756 2507 830 2577 mihi
858 2508 974 2578 dedisti
995 2514 1028 2578 et
1046 2509 1217 2602 prestitisti
1236 2511 1269 2578 in

88 2636 159 2704 meis
185 2635 375 2706 utilitatibus
401 2642 435 2704 et
458 2634 708 2705 necessitatibus
735 2633 944 2726 peragendis,
973 2635 1004 2703 iu
1027 2635 1082 2704 tali
1102 2659 1181 2706 vero
1202 2636 1273 2730 pla·

88 2761 145 2831 cito
164 2768 343 2853 nostraque
363 2761 643 2852 convenienda),
664 2766 700 2830 ut
720 2783 779 2828 eos
798 2761 882 2852 apud
902 2783 954 2828 me
973 2761 1116 2830 retinere
1136 2761 1272 2831 debeam

88 2887 196 2958 amodo
226 2887 259 2956 in
285 2891 402 2970 antea,
430 2887 518 2979 quod
544 2894 595 2957 est
619 2888 724 2980 primo
751 2886 804 2955 dic
829 2886 922 2955 istius
941 2887 1061 2956 mensis
1082 2887 1272 2958 Decembris

87 3036 182 3106 usquc
200 3013 336 3106 triginta
356 3013 425 3082 dies
445 3013 638 3107 completos.

169 3142 251 3211 com
277 3146 384 3210 autem
412 3140 656 3232 pervenerimus
676 3138 718 3208 ad
743 3138 877 3230 triginta
901 3137 1069 3230 predictos
1090 3137 1160 3208 dies
1181 3161 1273 3210 com·

88 3263 224 3355 plectos,
253 3273 333 3336 tuuc
360 3267 451 3360 ipsos
476 3273 553 3336 tuos
571 3265 813 3359 suprascriptos
834 3265 1045 3358 octingentos
1065 3266 1178 3358 viginti
1197 3273 1273 3336 tuos

16 3417 19 3502 p
88 3413 238 3486 perperos
266 3393 336 3464 auri
360 3392 468 3462 bonos
494 3416 597 3463 novos
621 3398 776 3486 pesantes
796 3392 872 3473 tibi,
899 3393 969 3460 siue
990 3394 1076 3462 omni
1106 3393 1272 3463 intermis-

16 3505 18 3556 i
88 3517 170 3588 sione
185 3526 241 3588 aut
256 3517 364 3611 aliquo
381 3517 574 3611 interposito
591 3517 747 3611 capitulo,
770 3516 849 3586 dare
868 3524 902 3586 et
922 3516 1108 3587 deliberare
1124 3519 1271 3589 debeam.

165 3644 291 3729 Quodsi
319 3649 353 3714 te
381 3643 424 3714 ad
453 3645 664 3715 constitutum
692 3644 862 3713 temninum
891 3666 956 3713 non
983 3643 1208 3716 deliberavero
1242 3653 1275 3716 et

90 3790 283 3862 apaganero,
319 3777 398 3840 tuuc
424 3771 515 3865 ipsos
543 3776 619 3840 tuos
652 3770 892 3864 suprascriptos
921 3765 1132 3862 octingentos
1159 3773 1274 3865 viginti

16 3935 18 3992 p
92 3891 162 3964 duos
179 3918 343 3988 perperos
367 3896 435 3965 auri
460 3897 568 3965 bonos
595 3919 698 3966 noros
717 3903 872 3990 pesantes
892 3896 925 3964 iu
945 3894 1043 3989 duplo
1064 3897 1122 3966 tibi
1143 3897 1222 3968 dare
1242 3907 1275 3969 ct

16 3995 18 4128 l
92 4021 255 4091 emendare
275 4023 429 4105 debeam,
460 4023 583 4116 absque
603 4023 687 4092 omni
708 4022 921 4092 contentione
940 4028 974 4091 et
992 4021 1056 4091 ulla
1076 4022 1274 4116 litigatione,

16 4239 18 4264 ‚
92 4153 120 4214 et
135 4148 205 4220 iude
228 4149 262 4219 in
287 4157 384 4218 antea
409 4156 513 4220 totum
540 4157 638 4243 caput
658 4156 692 4220 et
711 4149 841 4242 duplum
860 4147 965 4242 prode
983 4147 1135 4220 lab01'flr0
1154 4151 1275 4222 debeat

16 4265 18 4398 l
91 4271 124 4342 olo
141 4277 281 4370 pinque
299 4299 358 4346 scr
375 4299 436 4369 per
454 4299 582 4346 aunum.

113 4551 134 4624 ¹)
151 4555 168 4610 i.
181 4573 205 4610 o.
219 4556 422 4628 Byzantinos
435 4573 457 4610 s.
472 4555 664 4612 Besancios.
