<?xml version="1.0" encoding="UTF-8"?>
<!DOCTYPE html PUBLIC "-//W3C//DTD XHTML 1.0 Transitional//EN"
    "http://www.w3.org/TR/xhtml1/DTD/xhtml1-transitional.dtd">
<html xmlns="http://www.w3.org/1999/xhtml" xml:lang="en" lang="en">
 <head>
  <title>
</title>
<meta http-equiv="Content-Type" content="text/html;charset=utf-8" />
  <meta name='ocr-system' content='tesseract 3.04.00' />
  <meta name='ocr-capabilities' content='ocr_page ocr_carea ocr_par ocr_line ocrx_word'/>
</head>
<body>
  <div class='ocr_page' id='page_1' title='image "./fontesrerumaust07kommgoog_0290.png"; bbox 0 0 3110 5076; ppageno 0'>
   <div class='ocr_carea' id='block_1_1' title="bbox 304 367 1244 438">
    <p class='ocr_par' dir='ltr' id='par_1_1' title="bbox 304 367 1244 438">
     <span class='ocr_line' id='line_1_1' title="bbox 304 367 1244 438; baseline 0.004 -10"><span class='ocrx_word' id='word_1_1' title='bbox 304 376 495 430; x_wconf 76' lang='lat' dir='ltr'><strong>Pasvsnsarnn</strong></span> <span class='ocrx_word' id='word_1_2' title='bbox 509 375 612 429; x_wconf 78' lang='lat' dir='ltr'><strong>dnsxrr</strong></span> <span class='ocrx_word' id='word_1_3' title='bbox 625 375 659 430; x_wconf 95' lang='lat' dir='ltr'><strong>lll</strong></span> <span class='ocrx_word' id='word_1_4' title='bbox 672 375 730 430; x_wconf 80' lang='lat' dir='ltr'><strong>lue.</strong></span> <span class='ocrx_word' id='word_1_5' title='bbox 744 375 814 430; x_wconf 81' lang='lat' dir='ltr'><strong>Vua.</strong></span> <span class='ocrx_word' id='word_1_6' title='bbox 828 391 1002 432; x_wconf 81' lang='lat' dir='ltr'><strong>coucassuaa.</strong></span> <span class='ocrx_word' id='word_1_7' title='bbox 1169 367 1244 438; x_wconf 83' lang='grc'><strong>267</strong></span> 
     </span>
    </p>
   </div>
   <div class='ocr_carea' id='block_1_2' title="bbox 63 540 1246 1026">
    <p class='ocr_par' dir='ltr' id='par_1_2' title="bbox 63 540 1246 1026">
     <span class='ocr_line' id='line_1_2' title="bbox 65 540 1245 641; baseline 0.002 -23"><span class='ocrx_word' id='word_1_8' title='bbox 65 555 95 618; x_wconf 87' lang='lat' dir='ltr'><strong>et</strong></span> <span class='ocrx_word' id='word_1_9' title='bbox 112 541 304 641; x_wconf 83' lang='lat' dir='ltr'><strong>Vceenis¹).</strong></span> <span class='ocrx_word' id='word_1_10' title='bbox 334 545 558 620; x_wconf 69' lang='lat' dir='ltr'><strong>chartularata</strong></span> <span class='ocrx_word' id='word_1_11' title='bbox 577 541 756 638; x_wconf 83' lang='lat' dir='ltr'><strong>Ezer0s²),</strong></span> <span class='ocrx_word' id='word_1_12' title='bbox 781 540 1108 640; x_wconf 59' lang='lat' dir='ltr'><strong>unhroehuuystah,</strong></span> <span class='ocrx_word' id='word_1_13' title='bbox 1129 554 1162 620; x_wconf 88' lang='lat' dir='ltr'><strong>ct</strong></span> <span class='ocrx_word' id='word_1_14' title='bbox 1182 571 1245 640; x_wconf 86' lang='lat' dir='ltr'><strong>que</strong></span> 
     </span>
     <span class='ocr_line' id='line_1_3' title="bbox 65 665 1246 770; baseline 0.002 -26"><span class='ocrx_word' id='word_1_15' title='bbox 65 674 120 744; x_wconf 90' lang='lat' dir='ltr'><strong>suh</strong></span> <span class='ocrx_word' id='word_1_16' title='bbox 139 677 212 770; x_wconf 90' lang='lat' dir='ltr'><strong>ipsa</strong></span> <span class='ocrx_word' id='word_1_17' title='bbox 230 682 308 746; x_wconf 90' lang='lat' dir='ltr'><strong>sunt</strong></span> <span class='ocrx_word' id='word_1_18' title='bbox 326 675 413 746; x_wconf 89' lang='lat' dir='ltr'><strong>uille.</strong></span> <span class='ocrx_word' id='word_1_19' title='bbox 444 665 622 767; x_wconf 81' lang='lat' dir='ltr'><strong>Tricala⁴).</strong></span> <span class='ocrx_word' id='word_1_20' title='bbox 652 675 824 746; x_wconf 86' lang='lat' dir='ltr'><strong>Prouincia</strong></span> <span class='ocrx_word' id='word_1_21' title='bbox 842 667 1023 766; x_wconf 63' lang='grc' dir='ltr'><strong>λελήθαθ’).</strong></span> <span class='ocrx_word' id='word_1_22' title='bbox 1056 673 1246 768; x_wconf 85' lang='lat' dir='ltr'><strong>Episkepsis</strong></span> 
     </span>
     <span class='ocr_line' id='line_1_4' title="bbox 63 795 1246 894; baseline 0.001 -23"><span class='ocrx_word' id='word_1_23' title='bbox 63 795 321 893; x_wconf 81' lang='lat' dir='ltr'><strong>Platamonns⁶).</strong></span> <span class='ocrx_word' id='word_1_24' title='bbox 351 803 519 874; x_wconf 87' lang='lat' dir='ltr'><strong>Prouintia</strong></span> <span class='ocrx_word' id='word_1_25' title='bbox 537 801 676 872; x_wconf 84' lang='lat' dir='ltr'><strong>Thrakia</strong></span> <span class='ocrx_word' id='word_1_26' title='bbox 696 811 730 872; x_wconf 92' lang='lat' dir='ltr'><strong>et</strong></span> <span class='ocrx_word' id='word_1_27' title='bbox 748 795 991 894; x_wconf 51' lang='lat' dir='ltr'><strong>macedone),</strong></span> <span class='ocrx_word' id='word_1_28' title='bbox 1020 807 1053 872; x_wconf 87' lang='lat' dir='ltr'><strong>et</strong></span> <span class='ocrx_word' id='word_1_29' title='bbox 1073 803 1187 894; x_wconf 90' lang='lat' dir='ltr'><strong>quein</strong></span> <span class='ocrx_word' id='word_1_30' title='bbox 1208 825 1246 872; x_wconf 89' lang='lat' dir='ltr'><strong>ea</strong></span> 
     </span>
     <span class='ocr_line' id='line_1_5' title="bbox 63 923 1243 1026; baseline 0.002 -29"><span class='ocrx_word' id='word_1_31' title='bbox 63 929 541 1026; x_wconf 81' lang='lat' dir='ltr'><strong>sunt[epiakepsea]pbyscales</strong></span> <span class='ocrx_word' id='word_1_32' title='bbox 550 927 790 1024; x_wconf 86' lang='lat' dir='ltr'><strong>etpersonales.</strong></span> <span class='ocrx_word' id='word_1_33' title='bbox 804 928 991 1023; x_wconf 84' lang='lat' dir='ltr'><strong>Episkepsis</strong></span> <span class='ocrx_word' id='word_1_34' title='bbox 1000 923 1243 1022; x_wconf 84' lang='lat' dir='ltr'><strong>Kerouaahij⁸).</strong></span> 
     </span>
    </p>
   </div>
   <div class='ocr_carea' id='block_1_3' title="bbox 6 1228 1315 4667">
    <p class='ocr_par' dir='ltr' id='par_1_3' title="bbox 86 1228 1246 1392">
     <span class='ocr_line' id='line_1_6' title="bbox 86 1228 1246 1302; baseline 0.001 -18"><span class='ocrx_word' id='word_1_35' title='bbox 86 1230 111 1302; x_wconf 76' lang='grc' dir='ltr'><strong>ι)</strong></span> <span class='ocrx_word' id='word_1_36' title='bbox 131 1231 175 1284; x_wconf 84' lang='lat' dir='ltr'><strong>Ve</strong></span> <span class='ocrx_word' id='word_1_37' title='bbox 184 1247 262 1284; x_wconf 91' lang='lat' dir='ltr'><strong>sene</strong></span> <span class='ocrx_word' id='word_1_38' title='bbox 276 1229 421 1302; x_wconf 76' lang='lat' dir='ltr'><strong>(hessone)</strong></span> <span class='ocrx_word' id='word_1_39' title='bbox 434 1245 517 1302; x_wconf 91' lang='lat' dir='ltr'><strong>prope</strong></span> <span class='ocrx_word' id='word_1_40' title='bbox 528 1228 720 1284; x_wconf 76' lang='lat' dir='ltr'>Demetriadem</span> <span class='ocrx_word' id='word_1_41' title='bbox 734 1228 872 1300; x_wconf 83' lang='lat' dir='ltr'><strong>quaerenda</strong></span> <span class='ocrx_word' id='word_1_42' title='bbox 882 1228 992 1294; x_wconf 85' lang='lat' dir='ltr'><strong>videtur,</strong></span> <span class='ocrx_word' id='word_1_43' title='bbox 1004 1229 1091 1284; x_wconf 86' lang='lat' dir='ltr'><strong>lorsan</strong></span> <span class='ocrx_word' id='word_1_44' title='bbox 1102 1229 1126 1282; x_wconf 92' lang='lat' dir='ltr'><strong>in</strong></span> <span class='ocrx_word' id='word_1_45' title='bbox 1137 1230 1246 1301; x_wconf 75' lang='lat' dir='ltr'><strong>hlagne·</strong></span> 
     </span>
     <span class='ocr_line' id='line_1_7' title="bbox 127 1319 1243 1392; baseline 0.002 -18"><span class='ocrx_word' id='word_1_46' title='bbox 127 1321 174 1376; x_wconf 87' lang='lat' dir='ltr'><strong>sis.</strong></span> <span class='ocrx_word' id='word_1_47' title='bbox 199 1321 367 1387; x_wconf 75' lang='lat' dir='ltr'><strong>innocentius</strong></span> <span class='ocrx_word' id='word_1_48' title='bbox 385 1321 420 1374; x_wconf 96' lang='lat' dir='ltr'><strong>lll</strong></span> <span class='ocrx_word' id='word_1_49' title='bbox 440 1321 518 1392; x_wconf 91' lang='lat' dir='ltr'><strong>epist.</strong></span> <span class='ocrx_word' id='word_1_50' title='bbox 532 1321 600 1374; x_wconf 87' lang='lat' dir='ltr'><strong>libro</strong></span> <span class='ocrx_word' id='word_1_51' title='bbox 615 1320 656 1381; x_wconf 83' lang='lat'><strong>13,</strong></span> <span class='ocrx_word' id='word_1_52' title='bbox 676 1320 724 1372; x_wconf 80' lang='lat' dir='ltr'><strong>aa:</strong></span> <span class='ocrx_word' id='word_1_53' title='bbox 749 1319 899 1382; x_wconf 75' lang='lat' dir='ltr'><strong>Vinearum,</strong></span> <span class='ocrx_word' id='word_1_54' title='bbox 912 1319 1109 1376; x_wconf 82' lang='lat' dir='ltr'><strong>Dimitriutcm</strong></span> <span class='ocrx_word' id='word_1_55' title='bbox 1123 1357 1130 1372; x_wconf 89' lang='lat'><strong>.</strong></span> <span class='ocrx_word' id='word_1_56' title='bbox 1144 1361 1151 1376; x_wconf 91' lang='lat'><strong>.</strong></span> <span class='ocrx_word' id='word_1_57' title='bbox 1165 1361 1172 1376; x_wconf 91' lang='lat'><strong>.</strong></span> <span class='ocrx_word' id='word_1_58' title='bbox 1186 1321 1243 1376; x_wconf 84' lang='lat' dir='ltr'><strong>duo</strong></span> 
     </span>
    </p>

    <p class='ocr_par' dir='ltr' id='par_1_4' title="bbox 41 1409 1246 1574">
     <span class='ocr_line' id='line_1_8' title="bbox 41 1409 1246 1486; baseline -0.001 -19"><span class='ocrx_word' id='word_1_59' title='bbox 41 1477 44 1486; x_wconf 22' lang='lat'><strong><em>⁴</em></strong></span> <span class='ocrx_word' id='word_1_60' title='bbox 129 1411 276 1468; x_wconf 82' lang='lat' dir='ltr'><strong>Almurus.</strong></span> <span class='ocrx_word' id='word_1_61' title='bbox 304 1411 373 1464; x_wconf 89' lang='lat' dir='ltr'><strong>ldem</strong></span> <span class='ocrx_word' id='word_1_62' title='bbox 399 1411 441 1474; x_wconf 80' lang='lat'><strong>1³,</strong></span> <span class='ocrx_word' id='word_1_63' title='bbox 465 1411 514 1464; x_wconf 71' lang='lat'><strong>42:</strong></span> <span class='ocrx_word' id='word_1_64' title='bbox 547 1410 705 1466; x_wconf 81' lang='lat' dir='ltr'><strong>Veseiacnsi</strong></span> <span class='ocrx_word' id='word_1_65' title='bbox 728 1427 761 1466; x_wconf 81' lang='lat' dir='ltr'><strong>cc</strong></span> <span class='ocrx_word' id='word_1_66' title='bbox 780 1409 963 1466; x_wconf 79' lang='grc' dir='ltr'>Βακτσίκίιιίο</span> <span class='ocrx_word' id='word_1_67' title='bbox 985 1411 1190 1485; x_wconf 80' lang='lat' dir='ltr'><strong>episcopatibus</strong></span> <span class='ocrx_word' id='word_1_68' title='bbox 1211 1431 1246 1466; x_wconf 84' lang='lat' dir='ltr'><strong>un</strong></span> 
     </span>
     <span class='ocr_line' id='line_1_9' title="bbox 129 1499 1197 1574; baseline 0 -18"><span class='ocrx_word' id='word_1_69' title='bbox 129 1503 310 1558; x_wconf 75' lang='lat' dir='ltr'><strong>monasteriis</strong></span> <span class='ocrx_word' id='word_1_70' title='bbox 322 1499 432 1556; x_wconf 73' lang='lat' dir='ltr'><strong>Kellia.</strong></span> <span class='ocrx_word' id='word_1_71' title='bbox 453 1502 491 1556; x_wconf 88' lang='lat' dir='ltr'><strong>De</strong></span> <span class='ocrx_word' id='word_1_72' title='bbox 503 1501 552 1556; x_wconf 90' lang='lat' dir='ltr'><strong>bae</strong></span> <span class='ocrx_word' id='word_1_73' title='bbox 566 1503 631 1556; x_wconf 92' lang='lat' dir='ltr'><strong>urbe</strong></span> <span class='ocrx_word' id='word_1_74' title='bbox 643 1502 762 1556; x_wconf 79' lang='lat' dir='ltr'>uberiora</span> <span class='ocrx_word' id='word_1_75' title='bbox 776 1499 849 1556; x_wconf 88' lang='lat' dir='ltr'><strong>dedit</strong></span> <span class='ocrx_word' id='word_1_76' title='bbox 861 1500 1045 1556; x_wconf 70' lang='lat' dir='ltr'><strong>Thessalonica</strong></span> <span class='ocrx_word' id='word_1_77' title='bbox 1058 1507 1120 1574; x_wconf 67' lang='lat' dir='ltr'><strong>pag.</strong></span> <span class='ocrx_word' id='word_1_78' title='bbox 1134 1503 1197 1559; x_wconf 79' lang='lat' dir='ltr'><strong>tau.</strong></span> 
     </span>
    </p>

    <p class='ocr_par' dir='ltr' id='par_1_5' title="bbox 86 1591 1275 2483">
     <span class='ocr_line' id='line_1_10' title="bbox 86 1591 1247 1666; baseline -0.001 -19"><span class='ocrx_word' id='word_1_79' title='bbox 86 1591 113 1666; x_wconf 83' lang='lat'><strong>¹)</strong></span> <span class='ocrx_word' id='word_1_80' title='bbox 133 1593 399 1656; x_wconf 64' lang='lat' dir='ltr'><strong>chartularum,</strong></span> <span class='ocrx_word' id='word_1_81' title='bbox 427 1593 453 1646; x_wconf 93' lang='lat' dir='ltr'><strong>in</strong></span> <span class='ocrx_word' id='word_1_82' title='bbox 475 1592 515 1646; x_wconf 91' lang='lat' dir='ltr'><strong>his</strong></span> <span class='ocrx_word' id='word_1_83' title='bbox 539 1591 724 1664; x_wconf 73' lang='lat' dir='ltr'><strong>diplomatibus</strong></span> <span class='ocrx_word' id='word_1_84' title='bbox 752 1593 839 1654; x_wconf 83' lang='lat' dir='ltr'><strong>chuia,</strong></span> <span class='ocrx_word' id='word_1_85' title='bbox 867 1591 1002 1646; x_wconf 83' lang='lat' dir='ltr'><strong>seminaria</strong></span> <span class='ocrx_word' id='word_1_86' title='bbox 1025 1593 1119 1664; x_wconf 87' lang='lat' dir='ltr'><strong>equina</strong></span> <span class='ocrx_word' id='word_1_87' title='bbox 1149 1593 1247 1665; x_wconf 85' lang='lat' dir='ltr'><strong>(equa-</strong></span> 
     </span>
     <span class='ocr_line' id='line_1_11' title="bbox 129 1682 1243 1756; baseline -0.001 -19"><span class='ocrx_word' id='word_1_88' title='bbox 129 1684 199 1756; x_wconf 85' lang='lat' dir='ltr'><strong>riss)</strong></span> <span class='ocrx_word' id='word_1_89' title='bbox 219 1687 344 1756; x_wconf 88' lang='lat' dir='ltr'><strong>spectare</strong></span> <span class='ocrx_word' id='word_1_90' title='bbox 361 1684 497 1747; x_wconf 64' lang='lat' dir='ltr'><strong>ridentum</strong></span> <span class='ocrx_word' id='word_1_91' title='bbox 518 1683 544 1737; x_wconf 95' lang='lat' dir='ltr'><strong>id</strong></span> <span class='ocrx_word' id='word_1_92' title='bbox 563 1682 634 1754; x_wconf 89' lang='lat' dir='ltr'><strong>quad</strong></span> <span class='ocrx_word' id='word_1_93' title='bbox 653 1683 703 1736; x_wconf 89' lang='lat' dir='ltr'><strong>rite</strong></span> <span class='ocrx_word' id='word_1_94' title='bbox 723 1684 791 1736; x_wconf 81' lang='lat' dir='ltr'><strong>valet</strong></span> <span class='ocrx_word' id='word_1_95' title='bbox 804 1682 836 1735; x_wconf 91' lang='lat' dir='ltr'><strong>de</strong></span> <span class='ocrx_word' id='word_1_96' title='bbox 850 1682 983 1737; x_wconf 75' lang='lat' dir='ltr'><strong>Thessalia</strong></span> <span class='ocrx_word' id='word_1_97' title='bbox 997 1682 1071 1754; x_wconf 90' lang='lat' dir='ltr'><strong>equis</strong></span> <span class='ocrx_word' id='word_1_98' title='bbox 1085 1684 1138 1738; x_wconf 84' lang='lat' dir='ltr'><strong>suis</strong></span> <span class='ocrx_word' id='word_1_99' title='bbox 1157 1684 1243 1738; x_wconf 86' lang='lat' dir='ltr'><strong>medio</strong></span> 
     </span>
     <span class='ocr_line' id='line_1_12' title="bbox 130 1773 1245 1847; baseline 0 -19"><span class='ocrx_word' id='word_1_100' title='bbox 130 1793 239 1847; x_wconf 88' lang='lat' dir='ltr'><strong>qnoque</strong></span> <span class='ocrx_word' id='word_1_101' title='bbox 252 1791 306 1830; x_wconf 76' lang='lat' dir='ltr'><strong>aava</strong></span> <span class='ocrx_word' id='word_1_102' title='bbox 319 1775 423 1830; x_wconf 77' lang='lat' dir='ltr'><strong>illustri.</strong></span> <span class='ocrx_word' id='word_1_103' title='bbox 439 1805 472 1814; x_wconf 90' lang='lat'><strong>—</strong></span> <span class='ocrx_word' id='word_1_104' title='bbox 485 1775 634 1838; x_wconf 77' lang='lat' dir='ltr'><strong>Euenum,</strong></span> <span class='ocrx_word' id='word_1_105' title='bbox 645 1773 789 1828; x_wconf 84' lang='lat' dir='ltr'><strong>Thessaliae</strong></span> <span class='ocrx_word' id='word_1_106' title='bbox 803 1773 914 1827; x_wconf 84' lang='lat' dir='ltr'><strong>Slnricae</strong></span> <span class='ocrx_word' id='word_1_107' title='bbox 926 1773 1021 1834; x_wconf 85' lang='lat' dir='ltr'><strong>locum,</strong></span> <span class='ocrx_word' id='word_1_108' title='bbox 1034 1779 1162 1828; x_wconf 86' lang='lat' dir='ltr'><strong>memorat</strong></span> <span class='ocrx_word' id='word_1_109' title='bbox 1176 1775 1245 1828; x_wconf 85' lang='lat' dir='ltr'><strong>Len·</strong></span> 
     </span>
     <span class='ocr_line' id='line_1_13' title="bbox 130 1863 1246 1938; baseline -0.004 -18"><span class='ocrx_word' id='word_1_110' title='bbox 130 1867 169 1920; x_wconf 87' lang='lat' dir='ltr'><strong>ais</strong></span> <span class='ocrx_word' id='word_1_111' title='bbox 183 1865 319 1938; x_wconf 86' lang='lat' dir='ltr'><strong>Sapientis</strong></span> <span class='ocrx_word' id='word_1_112' title='bbox 338 1865 416 1919; x_wconf 88' lang='lat' dir='ltr'><strong>ludex</strong></span> <span class='ocrx_word' id='word_1_113' title='bbox 433 1865 607 1938; x_wconf 89' lang='lat' dir='ltr'><strong>episcopalis:</strong></span> <span class='ocrx_word' id='word_1_114' title='bbox 626 1867 673 1934; x_wconf 89' lang='grc' dir='ltr'><strong>Τῷ</strong></span> <span class='ocrx_word' id='word_1_115' title='bbox 693 1865 829 1936; x_wconf 81' lang='grc' dir='ltr'>Λαρίσσης</span> <span class='ocrx_word' id='word_1_116' title='bbox 847 1863 1037 1936; x_wconf 83' lang='lat' dir='ltr'><strong>(metropolitae</strong></span> <span class='ocrx_word' id='word_1_117' title='bbox 1056 1864 1182 1938; x_wconf 89' lang='lat' dir='ltr'><strong>subsunt)</strong></span> <span class='ocrx_word' id='word_1_118' title='bbox 1195 1903 1202 1917; x_wconf 96' lang='lat'><strong>.</strong></span> <span class='ocrx_word' id='word_1_119' title='bbox 1217 1901 1246 1918; x_wconf 88' lang='lat'><strong>..</strong></span> 
     </span>
     <span class='ocr_line' id='line_1_14' title="bbox 130 1953 1244 2028; baseline -0.002 -18"><span class='ocrx_word' id='word_1_120' title='bbox 130 1956 314 2020; x_wconf 82' lang='grc' dir='ltr'>ὁΖητουνίον,</span> <span class='ocrx_word' id='word_1_121' title='bbox 334 1955 347 2008; x_wconf 85' lang='lat' dir='ltr'><strong>d</strong></span> <span class='ocrx_word' id='word_1_122' title='bbox 365 1955 483 2028; x_wconf 80' lang='grc' dir='ltr'>Ἐζερσῦ,</span> <span class='ocrx_word' id='word_1_123' title='bbox 502 1953 692 2028; x_wconf 78' lang='grc' dir='ltr'>ὁΛοκδορικίον</span> <span class='ocrx_word' id='word_1_124' title='bbox 705 1958 770 2008; x_wconf 88' lang='lat' dir='ltr'><strong>cett.</strong></span> <span class='ocrx_word' id='word_1_125' title='bbox 788 1955 913 2010; x_wconf 88' lang='lat' dir='ltr'><strong>hlanuelis</strong></span> <span class='ocrx_word' id='word_1_126' title='bbox 926 1955 1087 2028; x_wconf 85' lang='lat' dir='ltr'><strong>Charitopuli</strong></span> <span class='ocrx_word' id='word_1_127' title='bbox 1106 1955 1201 2009; x_wconf 86' lang='lat' dir='ltr'><strong>solutio</strong></span> <span class='ocrx_word' id='word_1_128' title='bbox 1222 1953 1244 2010; x_wconf 98' lang='lat' dir='ltr'><strong>ll</strong></span> 
     </span>
     <span class='ocr_line' id='line_1_15' title="bbox 132 2043 1275 2120; baseline -0.002 -18"><span class='ocrx_word' id='word_1_129' title='bbox 132 2047 288 2120; x_wconf 82' lang='lat' dir='ltr'><strong>(benaclav.</strong></span> <span class='ocrx_word' id='word_1_130' title='bbox 301 2048 348 2102; x_wconf 85' lang='lat' dir='ltr'><strong>Jus</strong></span> <span class='ocrx_word' id='word_1_131' title='bbox 362 2047 543 2101; x_wconf 72' lang='lat' dir='ltr'><strong>Gracc-llam.</strong></span> <span class='ocrx_word' id='word_1_132' title='bbox 558 2045 613 2100; x_wconf 88' lang='lat' dir='ltr'><strong>llol.</strong></span> <span class='ocrx_word' id='word_1_133' title='bbox 626 2047 645 2107; x_wconf 85' lang='grc' dir='ltr'><strong>Ι,</strong></span> <span class='ocrx_word' id='word_1_134' title='bbox 658 2064 684 2118; x_wconf 92' lang='lat' dir='ltr'><strong>p.</strong></span> <span class='ocrx_word' id='word_1_135' title='bbox 698 2045 783 2116; x_wconf 65' lang='lat' dir='ltr'><strong>idola</strong></span> <span class='ocrx_word' id='word_1_136' title='bbox 807 2043 836 2096; x_wconf 88' lang='lat'><strong>‘0</strong></span> <span class='ocrx_word' id='word_1_137' title='bbox 846 2049 892 2106; x_wconf 79' lang='grc' dir='ltr'><strong>τῆς</strong></span> <span class='ocrx_word' id='word_1_138' title='bbox 905 2043 955 2098; x_wconf 76' lang='grc' dir='ltr'>ὑπο·</span> <span class='ocrx_word' id='word_1_139' title='bbox 973 2049 1020 2108; x_wconf 75' lang='grc' dir='ltr'><strong>τὴν</strong></span> <span class='ocrx_word' id='word_1_140' title='bbox 1039 2052 1086 2110; x_wconf 84' lang='grc' dir='ltr'><strong>τῆς</strong></span> <span class='ocrx_word' id='word_1_141' title='bbox 1104 2049 1243 2120; x_wconf 82' lang='grc' dir='ltr'>Λαρίσσης</span> <span class='ocrx_word' id='word_1_142' title='bbox 1270 2081 1275 2092; x_wconf 85' lang='lat'><strong>·</strong></span> 
     </span>
     <span class='ocr_line' id='line_1_16' title="bbox 130 2135 1242 2211; baseline 0.001 -21"><span class='ocrx_word' id='word_1_143' title='bbox 130 2139 291 2211; x_wconf 78' lang='grc' dir='ltr'>μητρόπολιν</span> <span class='ocrx_word' id='word_1_144' title='bbox 305 2137 453 2206; x_wconf 67' lang='grc' dir='ltr'>ἁγιωτάτης</span> <span class='ocrx_word' id='word_1_145' title='bbox 466 2136 610 2199; x_wconf 72' lang='grc' dir='ltr'>ἐπισκοπῆς</span> <span class='ocrx_word' id='word_1_146' title='bbox 627 2136 735 2210; x_wconf 82' lang='grc' dir='ltr'>Ἐζιροῡ</span> <span class='ocrx_word' id='word_1_147' title='bbox 749 2135 940 2209; x_wconf 80' lang='grc' dir='ltr'>ἂρχιερατικῶς</span> <span class='ocrx_word' id='word_1_148' title='bbox 954 2139 1151 2210; x_wconf 81' lang='grc' dir='ltr'>προϊστάμενος.</span> <span class='ocrx_word' id='word_1_149' title='bbox 1172 2138 1242 2191; x_wconf 88' lang='lat' dir='ltr'><strong>Idem</strong></span> 
     </span>
     <span class='ocr_line' id='line_1_17' title="bbox 130 2225 1245 2301; baseline 0 -19"><span class='ocrx_word' id='word_1_150' title='bbox 130 2229 192 2282; x_wconf 93' lang='lat' dir='ltr'><strong>ibid.</strong></span> <span class='ocrx_word' id='word_1_151' title='bbox 211 2247 240 2301; x_wconf 87' lang='lat' dir='ltr'><strong>p.</strong></span> <span class='ocrx_word' id='word_1_152' title='bbox 254 2230 322 2282; x_wconf 74' lang='lat'><strong>²42:</strong></span> <span class='ocrx_word' id='word_1_153' title='bbox 347 2227 375 2282; x_wconf 86' lang='lat'><strong>‘0</strong></span> <span class='ocrx_word' id='word_1_154' title='bbox 397 2227 506 2300; x_wconf 80' lang='grc' dir='ltr'>Ἐζιροῠ</span> <span class='ocrx_word' id='word_1_155' title='bbox 526 2228 615 2298; x_wconf 76' lang='lat' dir='ltr'><strong>(Enati</strong></span> <span class='ocrx_word' id='word_1_156' title='bbox 634 2225 801 2299; x_wconf 90' lang='lat' dir='ltr'><strong>episcopus).</strong></span> <span class='ocrx_word' id='word_1_157' title='bbox 828 2228 914 2283; x_wconf 75' lang='lat' dir='ltr'><strong>staats</strong></span> <span class='ocrx_word' id='word_1_158' title='bbox 932 2233 973 2283; x_wconf 88' lang='lat' dir='ltr'><strong>est</strong></span> <span class='ocrx_word' id='word_1_159' title='bbox 991 2229 1094 2282; x_wconf 86' lang='lat' dir='ltr'><strong>Eaero</strong></span> <span class='ocrx_word' id='word_1_160' title='bbox 1118 2227 1245 2301; x_wconf 77' lang='lat' dir='ltr'><strong>(desero)</strong></span> 
     </span>
     <span class='ocr_line' id='line_1_18' title="bbox 130 2317 1246 2392; baseline 0 -18"><span class='ocrx_word' id='word_1_161' title='bbox 130 2320 198 2374; x_wconf 88' lang='lat' dir='ltr'><strong>idean</strong></span> <span class='ocrx_word' id='word_1_162' title='bbox 213 2320 285 2392; x_wconf 88' lang='lat' dir='ltr'><strong>quod</strong></span> <span class='ocrx_word' id='word_1_163' title='bbox 298 2320 411 2383; x_wconf 84' lang='lat' dir='ltr'><strong>lacus;</strong></span> <span class='ocrx_word' id='word_1_164' title='bbox 431 2319 499 2372; x_wconf 91' lang='lat' dir='ltr'><strong>unde</strong></span> <span class='ocrx_word' id='word_1_165' title='bbox 513 2319 590 2390; x_wconf 87' lang='lat' dir='ltr'><strong>hujus</strong></span> <span class='ocrx_word' id='word_1_166' title='bbox 602 2319 676 2372; x_wconf 75' lang='lat' dir='ltr'><strong>lineri</strong></span> <span class='ocrx_word' id='word_1_167' title='bbox 689 2319 773 2372; x_wconf 89' lang='lat' dir='ltr'><strong>locum</strong></span> <span class='ocrx_word' id='word_1_168' title='bbox 782 2317 859 2388; x_wconf 83' lang='lat' dir='ltr'><strong>juxta</strong></span> <span class='ocrx_word' id='word_1_169' title='bbox 871 2319 994 2390; x_wconf 88' lang='lat' dir='ltr'><strong>paludem</strong></span> <span class='ocrx_word' id='word_1_170' title='bbox 1007 2319 1120 2390; x_wconf 82' lang='lat' dir='ltr'><strong>aliquam</strong></span> <span class='ocrx_word' id='word_1_171' title='bbox 1130 2319 1246 2374; x_wconf 85' lang='lat' dir='ltr'><strong>Thessa·</strong></span> 
     </span>
     <span class='ocr_line' id='line_1_19' title="bbox 130 2408 1244 2483; baseline 0 -19"><span class='ocrx_word' id='word_1_172' title='bbox 130 2411 205 2465; x_wconf 87' lang='lat' dir='ltr'><strong>licam</strong></span> <span class='ocrx_word' id='word_1_173' title='bbox 226 2429 346 2483; x_wconf 76' lang='lat' dir='ltr'><strong>quaerere</strong></span> <span class='ocrx_word' id='word_1_174' title='bbox 366 2410 438 2464; x_wconf 89' lang='lat' dir='ltr'><strong>lieet.</strong></span> <span class='ocrx_word' id='word_1_175' title='bbox 456 2408 574 2464; x_wconf 83' lang='lat' dir='ltr'><strong>Eaeritas</strong></span> <span class='ocrx_word' id='word_1_176' title='bbox 586 2425 647 2464; x_wconf 82' lang='lat' dir='ltr'><strong>vcro</strong></span> <span class='ocrx_word' id='word_1_177' title='bbox 661 2409 754 2466; x_wconf 80' lang='lat' dir='ltr'><strong>Siascs</strong></span> <span class='ocrx_word' id='word_1_178' title='bbox 768 2409 903 2464; x_wconf 81' lang='lat' dir='ltr'><strong>Laconicae</strong></span> <span class='ocrx_word' id='word_1_179' title='bbox 921 2412 1048 2464; x_wconf 86' lang='lat' dir='ltr'><strong>memorat</strong></span> <span class='ocrx_word' id='word_1_180' title='bbox 1060 2410 1244 2464; x_wconf 78' lang='lat' dir='ltr'><strong>Constantinus</strong></span> 
     </span>
    </p>

    <p class='ocr_par' dir='ltr' id='par_1_6' title="bbox 6 2501 554 2578">
     <span class='ocr_line' id='line_1_20' title="bbox 6 2501 554 2578; baseline -0.002 -23"><span class='ocrx_word' id='word_1_181' title='bbox 6 2567 7 2578; x_wconf 16' lang='grc' dir='ltr'>ρ</span> <span class='ocrx_word' id='word_1_182' title='bbox 130 2503 295 2575; x_wconf 78' lang='lat' dir='ltr'><strong>Porphyrng.</strong></span> <span class='ocrx_word' id='word_1_183' title='bbox 310 2502 423 2556; x_wconf 80' lang='lat' dir='ltr'><strong>desdam</strong></span> <span class='ocrx_word' id='word_1_184' title='bbox 438 2518 497 2572; x_wconf 89' lang='lat' dir='ltr'><strong>cap.</strong></span> <span class='ocrx_word' id='word_1_185' title='bbox 510 2501 554 2554; x_wconf 80' lang='lat' dir='ltr'><strong>su.</strong></span> 
     </span>
    </p>

    <p class='ocr_par' dir='ltr' id='par_1_7' title="bbox 6 2581 1245 2666">
     <span class='ocr_line' id='line_1_21' title="bbox 6 2581 1245 2666; baseline 0.002 -20"><span class='ocrx_word' id='word_1_186' title='bbox 6 2581 8 2644; x_wconf 67' lang='lat' dir='ltr'><strong>i</strong></span> <span class='ocrx_word' id='word_1_187' title='bbox 86 2589 111 2664; x_wconf 80' lang='lat'><strong>³)</strong></span> <span class='ocrx_word' id='word_1_188' title='bbox 130 2593 175 2648; x_wconf 86' lang='lat' dir='ltr'><strong>Sic</strong></span> <span class='ocrx_word' id='word_1_189' title='bbox 187 2594 241 2646; x_wconf 78' lang='lat' dir='ltr'><strong>nh.</strong></span> <span class='ocrx_word' id='word_1_190' title='bbox 255 2599 282 2648; x_wconf 87' lang='lat' dir='ltr'><strong>et</strong></span> <span class='ocrx_word' id='word_1_191' title='bbox 295 2594 353 2656; x_wconf 81' lang='lat' dir='ltr'><strong>LP..</strong></span> <span class='ocrx_word' id='word_1_192' title='bbox 374 2593 465 2654; x_wconf 80' lang='lat' dir='ltr'><strong>farma,</strong></span> <span class='ocrx_word' id='word_1_193' title='bbox 479 2595 507 2644; x_wconf 93' lang='lat' dir='ltr'><strong>ut</strong></span> <span class='ocrx_word' id='word_1_194' title='bbox 519 2591 630 2653; x_wconf 83' lang='lat' dir='ltr'><strong>ridetur,</strong></span> <span class='ocrx_word' id='word_1_195' title='bbox 649 2595 783 2664; x_wconf 84' lang='lat' dir='ltr'><strong>corrupta.</strong></span> <span class='ocrx_word' id='word_1_196' title='bbox 801 2593 863 2646; x_wconf 80' lang='lat' dir='ltr'><strong>Eam</strong></span> <span class='ocrx_word' id='word_1_197' title='bbox 882 2591 1038 2648; x_wconf 86' lang='lat' dir='ltr'><strong>tentabimus</strong></span> <span class='ocrx_word' id='word_1_198' title='bbox 1053 2592 1078 2647; x_wconf 91' lang='lat' dir='ltr'><strong>in</strong></span> <span class='ocrx_word' id='word_1_199' title='bbox 1096 2594 1245 2666; x_wconf 86' lang='lat' dir='ltr'><strong>Diplomata</strong></span> 
     </span>
    </p>

    <p class='ocr_par' dir='ltr' id='par_1_8' title="bbox 6 2680 479 2754">
     <span class='ocr_line' id='line_1_22' title="bbox 6 2680 479 2754; baseline 0 -18"><span class='ocrx_word' id='word_1_200' title='bbox 6 2693 8 2700; x_wconf 80' lang='grc'>’</span> <span class='ocrx_word' id='word_1_201' title='bbox 131 2683 283 2754; x_wconf 87' lang='lat' dir='ltr'><strong>partitionis</strong></span> <span class='ocrx_word' id='word_1_202' title='bbox 296 2683 370 2752; x_wconf 82' lang='lat' dir='ltr'><strong>regni</strong></span> <span class='ocrx_word' id='word_1_203' title='bbox 384 2680 479 2736; x_wconf 82' lang='lat' dir='ltr'><strong>Graeci.</strong></span> 
     </span>
    </p>

    <p class='ocr_par' dir='ltr' id='par_1_9' title="bbox 86 2771 1315 3300">
     <span class='ocr_line' id='line_1_23' title="bbox 86 2771 1244 2846; baseline 0.003 -20"><span class='ocrx_word' id='word_1_204' title='bbox 86 2771 111 2846; x_wconf 63' lang='grc' dir='ltr'><strong>ι)</strong></span> <span class='ocrx_word' id='word_1_205' title='bbox 132 2775 256 2828; x_wconf 85' lang='lat' dir='ltr'><strong>Veterum</strong></span> <span class='ocrx_word' id='word_1_206' title='bbox 269 2774 468 2828; x_wconf 86' lang='lat' dir='ltr'><strong>urbsTricca</strong></span> <span class='ocrx_word' id='word_1_207' title='bbox 481 2772 567 2826; x_wconf 87' lang='lat' dir='ltr'><strong>medic</strong></span> <span class='ocrx_word' id='word_1_208' title='bbox 577 2789 631 2828; x_wconf 78' lang='lat' dir='ltr'><strong>aeon</strong></span> <span class='ocrx_word' id='word_1_209' title='bbox 641 2775 728 2828; x_wconf 89' lang='lat' dir='ltr'><strong>sonuit</strong></span> <span class='ocrx_word' id='word_1_210' title='bbox 740 2773 897 2838; x_wconf 87' lang='lat' dir='ltr'><strong>Tricala;</strong></span> <span class='ocrx_word' id='word_1_211' title='bbox 911 2791 995 2846; x_wconf 89' lang='lat' dir='ltr'><strong>neque</strong></span> <span class='ocrx_word' id='word_1_212' title='bbox 1005 2775 1083 2832; x_wconf 87' lang='lat' dir='ltr'><strong>aliter</strong></span> <span class='ocrx_word' id='word_1_213' title='bbox 1093 2777 1244 2831; x_wconf 90' lang='lat' dir='ltr'><strong>hodiedum.</strong></span> 
     </span>
     <span class='ocr_line' id='line_1_24' title="bbox 129 2863 1315 2936; baseline 0.005 -18"><span class='ocrx_word' id='word_1_214' title='bbox 129 2865 177 2918; x_wconf 83' lang='lat' dir='ltr'><strong>Est</strong></span> <span class='ocrx_word' id='word_1_215' title='bbox 189 2865 279 2936; x_wconf 88' lang='lat' dir='ltr'><strong>posita</strong></span> <span class='ocrx_word' id='word_1_216' title='bbox 289 2865 364 2936; x_wconf 81' lang='lat' dir='ltr'><strong>justa</strong></span> <span class='ocrx_word' id='word_1_217' title='bbox 377 2865 468 2918; x_wconf 87' lang='lat' dir='ltr'><strong>urbem</strong></span> <span class='ocrx_word' id='word_1_218' title='bbox 479 2863 585 2934; x_wconf 79' lang='lat' dir='ltr'><strong>Stagos,</strong></span> <span class='ocrx_word' id='word_1_219' title='bbox 599 2865 631 2918; x_wconf 90' lang='lat' dir='ltr'><strong>ad</strong></span> <span class='ocrx_word' id='word_1_220' title='bbox 643 2865 755 2918; x_wconf 83' lang='lat' dir='ltr'><strong>Peneum</strong></span> <span class='ocrx_word' id='word_1_221' title='bbox 768 2865 937 2936; x_wconf 88' lang='lat' dir='ltr'><strong>superiorem.</strong></span> <span class='ocrx_word' id='word_1_222' title='bbox 957 2868 1039 2922; x_wconf 86' lang='lat' dir='ltr'><strong>Vetus</strong></span> <span class='ocrx_word' id='word_1_223' title='bbox 1052 2872 1137 2922; x_wconf 89' lang='lat' dir='ltr'><strong>tamen</strong></span> <span class='ocrx_word' id='word_1_224' title='bbox 1151 2887 1244 2924; x_wconf 89' lang='lat' dir='ltr'><strong>nomen</strong></span> <span class='ocrx_word' id='word_1_225' title='bbox 1313 2881 1315 2892; x_wconf 88' lang='grc'><strong>’</strong></span> 
     </span>
     <span class='ocr_line' id='line_1_25' title="bbox 129 2954 1244 3030; baseline 0.004 -22"><span class='ocrx_word' id='word_1_226' title='bbox 129 2956 245 3009; x_wconf 80' lang='lat' dir='ltr'><strong>servarit</strong></span> <span class='ocrx_word' id='word_1_227' title='bbox 267 2957 361 3009; x_wconf 86' lang='lat' dir='ltr'><strong>Leonis</strong></span> <span class='ocrx_word' id='word_1_228' title='bbox 379 2955 514 3026; x_wconf 89' lang='lat' dir='ltr'><strong>Sapientis</strong></span> <span class='ocrx_word' id='word_1_229' title='bbox 535 2954 615 3008; x_wconf 89' lang='lat' dir='ltr'><strong>lodex</strong></span> <span class='ocrx_word' id='word_1_230' title='bbox 633 2956 790 3027; x_wconf 88' lang='lat' dir='ltr'><strong>episcopalis</strong></span> <span class='ocrx_word' id='word_1_231' title='bbox 815 2955 874 3027; x_wconf 85' lang='lat' dir='ltr'><strong>(ubi</strong></span> <span class='ocrx_word' id='word_1_232' title='bbox 896 2958 1009 3028; x_wconf 84' lang='grc' dir='ltr'>Τρίκκης</span> <span class='ocrx_word' id='word_1_233' title='bbox 1031 2958 1174 3028; x_wconf 79' lang='lat' dir='ltr'><strong>legendum</strong></span> <span class='ocrx_word' id='word_1_234' title='bbox 1195 2977 1244 3030; x_wconf 88' lang='lat' dir='ltr'><strong>pro</strong></span> 
     </span>
     <span class='ocr_line' id='line_1_26' title="bbox 127 3044 1243 3122; baseline 0.004 -22"><span class='ocrx_word' id='word_1_235' title='bbox 127 3046 251 3118; x_wconf 85' lang='grc' dir='ltr'>Τρίκης),</span> <span class='ocrx_word' id='word_1_236' title='bbox 265 3046 326 3100; x_wconf 89' lang='lat' dir='ltr'><strong>item</strong></span> <span class='ocrx_word' id='word_1_237' title='bbox 339 3045 474 3100; x_wconf 86' lang='lat' dir='ltr'><strong>Cedrenus</strong></span> <span class='ocrx_word' id='word_1_238' title='bbox 488 3045 528 3098; x_wconf 88' lang='lat' dir='ltr'><strong>ed.</strong></span> <span class='ocrx_word' id='word_1_239' title='bbox 540 3045 619 3098; x_wconf 84' lang='lat' dir='ltr'><strong>Bnnn.</strong></span> <span class='ocrx_word' id='word_1_240' title='bbox 633 3044 664 3098; x_wconf 90' lang='lat' dir='ltr'><strong>T.</strong></span> <span class='ocrx_word' id='word_1_241' title='bbox 678 3047 703 3107; x_wconf 84' lang='lat'><strong>2,</strong></span> <span class='ocrx_word' id='word_1_242' title='bbox 717 3064 743 3116; x_wconf 89' lang='lat' dir='ltr'><strong>p.</strong></span> <span class='ocrx_word' id='word_1_243' title='bbox 756 3046 809 3100; x_wconf 74' lang='lat'><strong>436</strong></span> <span class='ocrx_word' id='word_1_244' title='bbox 823 3044 969 3120; x_wconf 82' lang='grc' dir='ltr'>(Θεοδώρῳ</span> <span class='ocrx_word' id='word_1_245' title='bbox 980 3049 1120 3121; x_wconf 87' lang='grc' dir='ltr'>Τρίκκης).</span> <span class='ocrx_word' id='word_1_246' title='bbox 1137 3050 1243 3122; x_wconf 86' lang='lat' dir='ltr'><strong>Reliqui</strong></span> 
     </span>
     <span class='ocr_line' id='line_1_27' title="bbox 128 3135 1245 3211; baseline 0.004 -21"><span class='ocrx_word' id='word_1_247' title='bbox 128 3137 265 3207; x_wconf 80' lang='lat' dir='ltr'><strong>ambigunt</strong></span> <span class='ocrx_word' id='word_1_248' title='bbox 284 3137 354 3190; x_wconf 84' lang='lat' dir='ltr'><strong>iuter</strong></span> <span class='ocrx_word' id='word_1_249' title='bbox 369 3135 477 3190; x_wconf 80' lang='lat' dir='ltr'><strong>sormam</strong></span> <span class='ocrx_word' id='word_1_250' title='bbox 497 3136 628 3208; x_wconf 89' lang='lat' dir='ltr'><strong>antiquam</strong></span> <span class='ocrx_word' id='word_1_251' title='bbox 647 3139 675 3189; x_wconf 90' lang='lat' dir='ltr'><strong>et</strong></span> <span class='ocrx_word' id='word_1_252' title='bbox 692 3137 822 3190; x_wconf 84' lang='lat' dir='ltr'><strong>novitiam.</strong></span> <span class='ocrx_word' id='word_1_253' title='bbox 848 3137 924 3190; x_wconf 90' lang='lat' dir='ltr'><strong>Plura</strong></span> <span class='ocrx_word' id='word_1_254' title='bbox 943 3137 976 3191; x_wconf 90' lang='lat' dir='ltr'><strong>de</strong></span> <span class='ocrx_word' id='word_1_255' title='bbox 994 3139 1043 3192; x_wconf 89' lang='lat' dir='ltr'><strong>hac</strong></span> <span class='ocrx_word' id='word_1_256' title='bbox 1056 3141 1120 3193; x_wconf 90' lang='lat' dir='ltr'><strong>urbe</strong></span> <span class='ocrx_word' id='word_1_257' title='bbox 1134 3139 1245 3211; x_wconf 88' lang='lat' dir='ltr'><strong>ejusque</strong></span> 
     </span>
     <span class='ocr_line' id='line_1_28' title="bbox 129 3226 1095 3300; baseline 0.002 -20"><span class='ocrx_word' id='word_1_258' title='bbox 129 3227 238 3282; x_wconf 89' lang='lat' dir='ltr'><strong>historia</strong></span> <span class='ocrx_word' id='word_1_259' title='bbox 253 3227 372 3282; x_wconf 86' lang='lat' dir='ltr'><strong>dedimus</strong></span> <span class='ocrx_word' id='word_1_260' title='bbox 386 3228 411 3282; x_wconf 93' lang='lat' dir='ltr'><strong>iu</strong></span> <span class='ocrx_word' id='word_1_261' title='bbox 425 3228 555 3300; x_wconf 77' lang='lat' dir='ltr'><strong>symbolis</strong></span> <span class='ocrx_word' id='word_1_262' title='bbox 568 3226 676 3286; x_wconf 87' lang='lat' dir='ltr'><strong>criticis.</strong></span> <span class='ocrx_word' id='word_1_263' title='bbox 689 3229 830 3281; x_wconf 81' lang='lat' dir='ltr'><strong>Commeat.</strong></span> <span class='ocrx_word' id='word_1_264' title='bbox 844 3227 863 3288; x_wconf 89' lang='lat' dir='ltr'><strong>l,</strong></span> <span class='ocrx_word' id='word_1_265' title='bbox 876 3245 901 3299; x_wconf 90' lang='lat' dir='ltr'><strong>p.</strong></span> <span class='ocrx_word' id='word_1_266' title='bbox 916 3229 952 3282; x_wconf 80' lang='lat'><strong>72</strong></span> <span class='ocrx_word' id='word_1_267' title='bbox 969 3227 1022 3300; x_wconf 85' lang='lat' dir='ltr'><strong>(ur.</strong></span> <span class='ocrx_word' id='word_1_268' title='bbox 1036 3229 1095 3300; x_wconf 76' lang='lat' dir='ltr'><strong>tu).</strong></span> 
     </span>
    </p>

    <p class='ocr_par' dir='ltr' id='par_1_10' title="bbox 84 3316 1246 3481">
     <span class='ocr_line' id='line_1_29' title="bbox 84 3316 1246 3394; baseline 0.004 -23"><span class='ocrx_word' id='word_1_269' title='bbox 84 3316 110 3389; x_wconf 64' lang='grc'><strong>5)</strong></span> <span class='ocrx_word' id='word_1_270' title='bbox 129 3319 264 3373; x_wconf 88' lang='lat' dir='ltr'><strong>Larissa</strong></span> <span class='ocrx_word' id='word_1_271' title='bbox 284 3323 314 3371; x_wconf 89' lang='lat' dir='ltr'><strong>ut</strong></span> <span class='ocrx_word' id='word_1_272' title='bbox 332 3320 406 3382; x_wconf 87' lang='lat' dir='ltr'><strong>alim,</strong></span> <span class='ocrx_word' id='word_1_273' title='bbox 423 3319 462 3372; x_wconf 86' lang='lat' dir='ltr'><strong>sic</strong></span> <span class='ocrx_word' id='word_1_274' title='bbox 476 3317 615 3372; x_wconf 86' lang='lat' dir='ltr'><strong>hodiedum</strong></span> <span class='ocrx_word' id='word_1_275' title='bbox 629 3323 670 3371; x_wconf 88' lang='lat' dir='ltr'><strong>est</strong></span> <span class='ocrx_word' id='word_1_276' title='bbox 681 3319 825 3372; x_wconf 85' lang='lat' dir='ltr'><strong>Thessaliae</strong></span> <span class='ocrx_word' id='word_1_277' title='bbox 838 3335 883 3372; x_wconf 81' lang='lat' dir='ltr'><strong>ars</strong></span> <span class='ocrx_word' id='word_1_278' title='bbox 897 3323 925 3372; x_wconf 94' lang='lat' dir='ltr'><strong>et</strong></span> <span class='ocrx_word' id='word_1_279' title='bbox 936 3321 1099 3391; x_wconf 85' lang='lat' dir='ltr'><strong>metropolis.</strong></span> <span class='ocrx_word' id='word_1_280' title='bbox 1119 3321 1183 3391; x_wconf 85' lang='lat' dir='ltr'><strong>Ejus</strong></span> <span class='ocrx_word' id='word_1_281' title='bbox 1196 3339 1246 3394; x_wconf 86' lang='lat' dir='ltr'><strong>per</strong></span> 
     </span>
     <span class='ocr_line' id='line_1_30' title="bbox 129 3409 979 3481; baseline -0.004 -17"><span class='ocrx_word' id='word_1_282' title='bbox 129 3409 244 3464; x_wconf 89' lang='lat' dir='ltr'><strong>medium</strong></span> <span class='ocrx_word' id='word_1_283' title='bbox 257 3425 339 3463; x_wconf 83' lang='lat' dir='ltr'><strong>aeuum</strong></span> <span class='ocrx_word' id='word_1_284' title='bbox 352 3409 486 3463; x_wconf 78' lang='lat' dir='ltr'><strong>historiam</strong></span> <span class='ocrx_word' id='word_1_285' title='bbox 499 3409 703 3464; x_wconf 77' lang='lat' dir='ltr'><strong>adumbravimus</strong></span> <span class='ocrx_word' id='word_1_286' title='bbox 717 3411 734 3462; x_wconf 93' lang='lat' dir='ltr'><strong>l.</strong></span> <span class='ocrx_word' id='word_1_287' title='bbox 748 3427 771 3462; x_wconf 92' lang='lat' dir='ltr'><strong>c.</strong></span> <span class='ocrx_word' id='word_1_288' title='bbox 784 3428 811 3481; x_wconf 89' lang='lat' dir='ltr'><strong>p.</strong></span> <span class='ocrx_word' id='word_1_289' title='bbox 825 3411 868 3472; x_wconf 76' lang='lat'><strong>73,</strong></span> <span class='ocrx_word' id='word_1_290' title='bbox 883 3427 921 3463; x_wconf 92' lang='lat' dir='ltr'><strong>nr.</strong></span> <span class='ocrx_word' id='word_1_291' title='bbox 934 3409 979 3464; x_wconf 78' lang='grc'><strong>49.</strong></span> 
     </span>
    </p>

    <p class='ocr_par' dir='ltr' id='par_1_11' title="bbox 83 3498 1246 3826">
     <span class='ocr_line' id='line_1_31' title="bbox 83 3498 1246 3574; baseline 0.003 -20"><span class='ocrx_word' id='word_1_292' title='bbox 83 3498 110 3572; x_wconf 84' lang='lat'><strong>⁸)</strong></span> <span class='ocrx_word' id='word_1_293' title='bbox 128 3501 283 3555; x_wconf 88' lang='lat' dir='ltr'><strong>Platamn</strong></span> <span class='ocrx_word' id='word_1_294' title='bbox 302 3500 471 3554; x_wconf 83' lang='lat' dir='ltr'><strong>Macedoniae</strong></span> <span class='ocrx_word' id='word_1_295' title='bbox 489 3500 585 3554; x_wconf 83' lang='lat' dir='ltr'><strong>veteris</strong></span> <span class='ocrx_word' id='word_1_296' title='bbox 603 3500 665 3553; x_wconf 90' lang='lat' dir='ltr'><strong>urbs</strong></span> <span class='ocrx_word' id='word_1_297' title='bbox 685 3504 741 3564; x_wconf 89' lang='lat' dir='ltr'><strong>est,</strong></span> <span class='ocrx_word' id='word_1_298' title='bbox 759 3500 825 3552; x_wconf 90' lang='lat' dir='ltr'><strong>sinui</strong></span> <span class='ocrx_word' id='word_1_299' title='bbox 837 3499 972 3554; x_wconf 85' lang='lat' dir='ltr'><strong>Thermaeo</strong></span> <span class='ocrx_word' id='word_1_300' title='bbox 989 3503 1112 3574; x_wconf 87' lang='lat' dir='ltr'><strong>apposita</strong></span> <span class='ocrx_word' id='word_1_301' title='bbox 1126 3519 1158 3556; x_wconf 85' lang='lat' dir='ltr'><strong>ex</strong></span> <span class='ocrx_word' id='word_1_302' title='bbox 1172 3505 1246 3558; x_wconf 91' lang='lat' dir='ltr'><strong>occi-</strong></span> 
     </span>
     <span class='ocr_line' id='line_1_32' title="bbox 127 3589 1243 3666; baseline 0.003 -22"><span class='ocrx_word' id='word_1_303' title='bbox 127 3591 217 3646; x_wconf 88' lang='lat' dir='ltr'><strong>dente.</strong></span> <span class='ocrx_word' id='word_1_304' title='bbox 236 3591 353 3646; x_wconf 88' lang='lat' dir='ltr'><strong>Uberius</strong></span> <span class='ocrx_word' id='word_1_305' title='bbox 366 3607 422 3643; x_wconf 90' lang='lat' dir='ltr'><strong>eam</strong></span> <span class='ocrx_word' id='word_1_306' title='bbox 436 3589 575 3643; x_wconf 82' lang='lat' dir='ltr'><strong>illustrauit</strong></span> <span class='ocrx_word' id='word_1_307' title='bbox 587 3591 773 3646; x_wconf 80' lang='lat' dir='ltr'><strong>Thessalonica</strong></span> <span class='ocrx_word' id='word_1_308' title='bbox 787 3606 847 3662; x_wconf 80' lang='lat' dir='ltr'><strong>pag.</strong></span> <span class='ocrx_word' id='word_1_309' title='bbox 860 3591 895 3645; x_wconf 79' lang='grc'><strong>87</strong></span> <span class='ocrx_word' id='word_1_310' title='bbox 908 3609 948 3662; x_wconf 89' lang='lat' dir='ltr'><strong>sq.</strong></span> <span class='ocrx_word' id='word_1_311' title='bbox 968 3593 1044 3646; x_wconf 82' lang='lat' dir='ltr'><strong>Adde</strong></span> <span class='ocrx_word' id='word_1_312' title='bbox 1057 3594 1146 3666; x_wconf 86' lang='lat' dir='ltr'><strong>Symb.</strong></span> <span class='ocrx_word' id='word_1_313' title='bbox 1162 3595 1243 3658; x_wconf 71' lang='lat' dir='ltr'><strong>critt„</strong></span> 
     </span>
     <span class='ocr_line' id='line_1_33' title="bbox 129 3680 1243 3744; baseline 0.004 -8"><span class='ocrx_word' id='word_1_314' title='bbox 129 3681 275 3736; x_wconf 83' lang='lat' dir='ltr'><strong>Commeat.</strong></span> <span class='ocrx_word' id='word_1_315' title='bbox 295 3682 314 3744; x_wconf 87' lang='lat' dir='ltr'><strong>l,</strong></span> <span class='ocrx_word' id='word_1_316' title='bbox 328 3698 367 3736; x_wconf 84' lang='lat' dir='ltr'><strong>nr.</strong></span> <span class='ocrx_word' id='word_1_317' title='bbox 381 3683 424 3736; x_wconf 80' lang='grc'><strong>50.</strong></span> <span class='ocrx_word' id='word_1_318' title='bbox 444 3680 596 3736; x_wconf 83' lang='lat' dir='ltr'><strong>Nobiscum</strong></span> <span class='ocrx_word' id='word_1_319' title='bbox 611 3681 716 3737; x_wconf 80' lang='lat' dir='ltr'><strong>Clarlrio</strong></span> <span class='ocrx_word' id='word_1_320' title='bbox 735 3683 825 3737; x_wconf 88' lang='lat' dir='ltr'><strong>eadam</strong></span> <span class='ocrx_word' id='word_1_321' title='bbox 842 3697 902 3734; x_wconf 84' lang='lat' dir='ltr'><strong>esse</strong></span> <span class='ocrx_word' id='word_1_322' title='bbox 921 3683 1024 3738; x_wconf 88' lang='lat' dir='ltr'><strong>videtur</strong></span> <span class='ocrx_word' id='word_1_323' title='bbox 1041 3702 1100 3738; x_wconf 88' lang='lat' dir='ltr'><strong>cuna</strong></span> <span class='ocrx_word' id='word_1_324' title='bbox 1117 3687 1243 3740; x_wconf 85' lang='lat' dir='ltr'><strong>Heraclea</strong></span> 
     </span>
     <span class='ocr_line' id='line_1_34' title="bbox 129 3773 233 3826; baseline 0 -2"><span class='ocrx_word' id='word_1_325' title='bbox 129 3773 233 3826; x_wconf 80' lang='lat' dir='ltr'><strong>Pieriae.</strong></span> 
     </span>
    </p>

    <p class='ocr_par' dir='ltr' id='par_1_12' title="bbox 83 3859 1244 4211">
     <span class='ocr_line' id='line_1_35' title="bbox 83 3859 1244 3938; baseline 0.005 -22"><span class='ocrx_word' id='word_1_326' title='bbox 83 3859 109 3932; x_wconf 63' lang='grc'><strong>7)</strong></span> <span class='ocrx_word' id='word_1_327' title='bbox 127 3863 240 3918; x_wconf 87' lang='lat' dir='ltr'><strong>Thracia</strong></span> <span class='ocrx_word' id='word_1_328' title='bbox 261 3867 289 3916; x_wconf 94' lang='lat' dir='ltr'><strong>et</strong></span> <span class='ocrx_word' id='word_1_329' title='bbox 305 3863 460 3918; x_wconf 88' lang='lat' dir='ltr'><strong>hlaeedonia</strong></span> <span class='ocrx_word' id='word_1_330' title='bbox 480 3862 653 3932; x_wconf 87' lang='lat' dir='ltr'><strong>scriptoribus</strong></span> <span class='ocrx_word' id='word_1_331' title='bbox 671 3861 820 3934; x_wconf 79' lang='lat' dir='ltr'><strong>Byzantinis</strong></span> <span class='ocrx_word' id='word_1_332' title='bbox 840 3881 870 3918; x_wconf 88' lang='lat' dir='ltr'><strong>ea</strong></span> <span class='ocrx_word' id='word_1_333' title='bbox 890 3865 1010 3920; x_wconf 82' lang='lat' dir='ltr'><strong>Thraciae</strong></span> <span class='ocrx_word' id='word_1_334' title='bbox 1028 3883 1091 3938; x_wconf 87' lang='lat' dir='ltr'><strong>pars</strong></span> <span class='ocrx_word' id='word_1_335' title='bbox 1111 3871 1167 3930; x_wconf 82' lang='lat' dir='ltr'><strong>cst,</strong></span> <span class='ocrx_word' id='word_1_336' title='bbox 1185 3885 1244 3938; x_wconf 84' lang='lat' dir='ltr'><strong>quae</strong></span> 
     </span>
     <span class='ocr_line' id='line_1_36' title="bbox 126 3953 1244 4026; baseline 0.004 -18"><span class='ocrx_word' id='word_1_337' title='bbox 126 3956 237 4026; x_wconf 88' lang='lat' dir='ltr'><strong>patebat</strong></span> <span class='ocrx_word' id='word_1_338' title='bbox 249 3954 318 4008; x_wconf 88' lang='lat' dir='ltr'><strong>inter</strong></span> <span class='ocrx_word' id='word_1_339' title='bbox 330 3956 438 4007; x_wconf 88' lang='lat' dir='ltr'><strong>Pontum</strong></span> <span class='ocrx_word' id='word_1_340' title='bbox 452 3954 576 4007; x_wconf 81' lang='lat' dir='ltr'><strong>Euxinum</strong></span> <span class='ocrx_word' id='word_1_341' title='bbox 586 3957 613 4006; x_wconf 94' lang='lat' dir='ltr'><strong>et</strong></span> <span class='ocrx_word' id='word_1_342' title='bbox 626 3953 747 4015; x_wconf 85' lang='lat' dir='ltr'><strong>Hebrum,</strong></span> <span class='ocrx_word' id='word_1_343' title='bbox 760 3957 840 4024; x_wconf 85' lang='lat' dir='ltr'><strong>atque</strong></span> <span class='ocrx_word' id='word_1_344' title='bbox 853 3955 922 4010; x_wconf 88' lang='lat' dir='ltr'><strong>iuter</strong></span> <span class='ocrx_word' id='word_1_345' title='bbox 934 3958 1080 4012; x_wconf 89' lang='lat' dir='ltr'><strong>Danubium</strong></span> <span class='ocrx_word' id='word_1_346' title='bbox 1092 3958 1244 4012; x_wconf 81' lang='lat' dir='ltr'><strong>interiorem</strong></span> 
     </span>
     <span class='ocr_line' id='line_1_37' title="bbox 125 4043 1239 4118; baseline 0.004 -20"><span class='ocrx_word' id='word_1_347' title='bbox 125 4049 152 4099; x_wconf 90' lang='lat' dir='ltr'><strong>et</strong></span> <span class='ocrx_word' id='word_1_348' title='bbox 166 4047 375 4118; x_wconf 85' lang='lat' dir='ltr'><strong>Hellespontum.</strong></span> <span class='ocrx_word' id='word_1_349' title='bbox 400 4045 429 4098; x_wconf 95' lang='lat' dir='ltr'><strong>ld</strong></span> <span class='ocrx_word' id='word_1_350' title='bbox 447 4043 517 4114; x_wconf 90' lang='lat' dir='ltr'><strong>quod</strong></span> <span class='ocrx_word' id='word_1_351' title='bbox 534 4045 602 4096; x_wconf 91' lang='lat' dir='ltr'><strong>nube</strong></span> <span class='ocrx_word' id='word_1_352' title='bbox 620 4043 828 4098; x_wconf 88' lang='lat' dir='ltr'><strong>testimoniorum</strong></span> <span class='ocrx_word' id='word_1_353' title='bbox 844 4045 999 4102; x_wconf 84' lang='lat' dir='ltr'><strong>firmavimus</strong></span> <span class='ocrx_word' id='word_1_354' title='bbox 1018 4049 1043 4102; x_wconf 94' lang='lat' dir='ltr'><strong>in</strong></span> <span class='ocrx_word' id='word_1_355' title='bbox 1064 4051 1154 4104; x_wconf 88' lang='lat' dir='ltr'><strong>nostra</strong></span> <span class='ocrx_word' id='word_1_356' title='bbox 1169 4047 1239 4102; x_wconf 83' lang='lat' dir='ltr'><strong>Con-</strong></span> 
     </span>
     <span class='ocr_line' id='line_1_38' title="bbox 126 4133 1150 4211; baseline 0.002 -19"><span class='ocrx_word' id='word_1_357' title='bbox 126 4133 234 4192; x_wconf 87' lang='lat' dir='ltr'><strong>stantini</strong></span> <span class='ocrx_word' id='word_1_358' title='bbox 247 4135 469 4208; x_wconf 79' lang='lat' dir='ltr'><strong>Pnrphyrogeniti</strong></span> <span class='ocrx_word' id='word_1_359' title='bbox 483 4133 516 4186; x_wconf 90' lang='lat' dir='ltr'><strong>de</strong></span> <span class='ocrx_word' id='word_1_360' title='bbox 530 4135 686 4188; x_wconf 91' lang='lat' dir='ltr'><strong>thematibus</strong></span> <span class='ocrx_word' id='word_1_361' title='bbox 700 4134 822 4197; x_wconf 89' lang='lat' dir='ltr'><strong>editione,</strong></span> <span class='ocrx_word' id='word_1_362' title='bbox 839 4137 962 4210; x_wconf 75' lang='lat' dir='ltr'><strong>Prolegg.</strong></span> <span class='ocrx_word' id='word_1_363' title='bbox 975 4158 1003 4211; x_wconf 92' lang='lat' dir='ltr'><strong>p.</strong></span> <span class='ocrx_word' id='word_1_364' title='bbox 1017 4139 1073 4193; x_wconf 90' lang='lat' dir='ltr'><strong>lllll</strong></span> <span class='ocrx_word' id='word_1_365' title='bbox 1088 4157 1150 4210; x_wconf 89' lang='lat' dir='ltr'><strong>sqq.</strong></span> 
     </span>
    </p>

    <p class='ocr_par' dir='ltr' id='par_1_13' title="bbox 84 4223 1247 4667">
     <span class='ocr_line' id='line_1_39' title="bbox 84 4223 1245 4300; baseline 0.003 -18"><span class='ocrx_word' id='word_1_366' title='bbox 84 4223 110 4298; x_wconf 74' lang='grc'><strong>8)</strong></span> <span class='ocrx_word' id='word_1_367' title='bbox 132 4227 267 4282; x_wconf 82' lang='lat' dir='ltr'><strong>Videlicet</strong></span> <span class='ocrx_word' id='word_1_368' title='bbox 276 4228 363 4300; x_wconf 72' lang='lat' dir='ltr'><strong>episto.</strong></span> <span class='ocrx_word' id='word_1_369' title='bbox 375 4225 554 4280; x_wconf 75' lang='lat' dir='ltr'><strong>Cherobacleu</strong></span> <span class='ocrx_word' id='word_1_370' title='bbox 563 4225 611 4279; x_wconf 88' lang='lat' dir='ltr'><strong>LP.</strong></span> <span class='ocrx_word' id='word_1_371' title='bbox 622 4225 649 4278; x_wconf 92' lang='lat' dir='ltr'><strong>ln</strong></span> <span class='ocrx_word' id='word_1_372' title='bbox 658 4226 697 4278; x_wconf 90' lang='lat' dir='ltr'><strong>his</strong></span> <span class='ocrx_word' id='word_1_373' title='bbox 706 4225 893 4282; x_wconf 87' lang='lat' dir='ltr'><strong>dubitationem</strong></span> <span class='ocrx_word' id='word_1_374' title='bbox 903 4234 993 4284; x_wconf 87' lang='lat' dir='ltr'><strong>movet</strong></span> <span class='ocrx_word' id='word_1_375' title='bbox 1002 4229 1139 4286; x_wconf 82' lang='lat' dir='ltr'><strong>videlieet.</strong></span> <span class='ocrx_word' id='word_1_376' title='bbox 1150 4231 1245 4286; x_wconf 85' lang='lat' dir='ltr'><strong>Urbem</strong></span> 
     </span>
     <span class='ocr_line' id='line_1_40' title="bbox 129 4314 1245 4389; baseline 0.003 -16"><span class='ocrx_word' id='word_1_377' title='bbox 129 4317 307 4374; x_wconf 81' lang='lat' dir='ltr'><strong>derobacahi</strong></span> <span class='ocrx_word' id='word_1_378' title='bbox 325 4314 537 4389; x_wconf 79' lang='grc' dir='ltr'>(Χοιρόβακχοι)</span> <span class='ocrx_word' id='word_1_379' title='bbox 555 4317 624 4370; x_wconf 88' lang='lat' dir='ltr'><strong>inter</strong></span> <span class='ocrx_word' id='word_1_380' title='bbox 636 4317 761 4388; x_wconf 77' lang='lat' dir='ltr'><strong>Athyram</strong></span> <span class='ocrx_word' id='word_1_381' title='bbox 781 4321 809 4370; x_wconf 93' lang='lat' dir='ltr'><strong>et</strong></span> <span class='ocrx_word' id='word_1_382' title='bbox 826 4319 965 4384; x_wconf 81' lang='lat' dir='ltr'><strong>Melonem,</strong></span> <span class='ocrx_word' id='word_1_383' title='bbox 984 4321 1101 4376; x_wconf 81' lang='lat' dir='ltr'><strong>Thraciae</strong></span> <span class='ocrx_word' id='word_1_384' title='bbox 1120 4322 1245 4376; x_wconf 89' lang='lat' dir='ltr'><strong>meridio-</strong></span> 
     </span>
     <span class='ocr_line' id='line_1_41' title="bbox 129 4406 1247 4481; baseline 0.004 -19"><span class='ocrx_word' id='word_1_385' title='bbox 129 4410 193 4464; x_wconf 88' lang='lat' dir='ltr'><strong>nalis</strong></span> <span class='ocrx_word' id='word_1_386' title='bbox 205 4409 319 4468; x_wconf 87' lang='lat' dir='ltr'><strong>domina,</strong></span> <span class='ocrx_word' id='word_1_387' title='bbox 334 4425 432 4478; x_wconf 77' lang='lat' dir='ltr'><strong>quaere,</strong></span> <span class='ocrx_word' id='word_1_388' title='bbox 445 4411 473 4460; x_wconf 90' lang='lat' dir='ltr'><strong>et</strong></span> <span class='ocrx_word' id='word_1_389' title='bbox 485 4407 590 4478; x_wconf 88' lang='lat' dir='ltr'><strong>quidem</strong></span> <span class='ocrx_word' id='word_1_390' title='bbox 602 4406 711 4478; x_wconf 90' lang='lat' dir='ltr'><strong>propius</strong></span> <span class='ocrx_word' id='word_1_391' title='bbox 723 4407 824 4461; x_wconf 84' lang='lat' dir='ltr'><strong>Melani.</strong></span> <span class='ocrx_word' id='word_1_392' title='bbox 844 4407 961 4481; x_wconf 78' lang='lat' dir='ltr'><strong>Scylitza</strong></span> <span class='ocrx_word' id='word_1_393' title='bbox 975 4412 1009 4466; x_wconf 92' lang='lat' dir='ltr'><strong>ad</strong></span> <span class='ocrx_word' id='word_1_394' title='bbox 1022 4413 1121 4468; x_wconf 88' lang='lat' dir='ltr'><strong>calcem</strong></span> <span class='ocrx_word' id='word_1_395' title='bbox 1132 4413 1247 4468; x_wconf 85' lang='lat' dir='ltr'><strong>Cedreni</strong></span> 
     </span>
     <span class='ocr_line' id='line_1_42' title="bbox 130 4495 1245 4573; baseline 0.003 -17"><span class='ocrx_word' id='word_1_396' title='bbox 130 4500 187 4573; x_wconf 84' lang='lat' dir='ltr'><strong>(ed.</strong></span> <span class='ocrx_word' id='word_1_397' title='bbox 200 4501 281 4555; x_wconf 83' lang='lat' dir='ltr'><strong>Banu.</strong></span> <span class='ocrx_word' id='word_1_398' title='bbox 295 4499 325 4553; x_wconf 87' lang='lat' dir='ltr'><strong>T.</strong></span> <span class='ocrx_word' id='word_1_399' title='bbox 339 4499 369 4564; x_wconf 88' lang='lat' dir='ltr'><strong>ll,</strong></span> <span class='ocrx_word' id='word_1_400' title='bbox 385 4517 411 4570; x_wconf 89' lang='lat' dir='ltr'><strong>p.</strong></span> <span class='ocrx_word' id='word_1_401' title='bbox 425 4499 507 4570; x_wconf 75' lang='lat' dir='ltr'>655J:</span> <span class='ocrx_word' id='word_1_402' title='bbox 528 4500 590 4570; x_wconf 84' lang='lat' dir='ltr'><strong>ssepi</strong></span> <span class='ocrx_word' id='word_1_403' title='bbox 608 4499 652 4549; x_wconf 76' lang='grc' dir='ltr'><strong>τὸν</strong></span> <span class='ocrx_word' id='word_1_404' title='bbox 670 4498 761 4558; x_wconf 82' lang='grc' dir='ltr'>τίκτον,</span> <span class='ocrx_word' id='word_1_405' title='bbox 780 4495 809 4558; x_wconf 80' lang='grc' dir='ltr'><strong>ὃς</strong></span> <span class='ocrx_word' id='word_1_406' title='bbox 828 4497 1007 4572; x_wconf 74' lang='grc' dir='ltr'>Χοιρίβακχοι</span> <span class='ocrx_word' id='word_1_407' title='bbox 1025 4505 1151 4558; x_wconf 81' lang='grc' dir='ltr'>καλεῖται.</span> <span class='ocrx_word' id='word_1_408' title='bbox 1170 4506 1245 4560; x_wconf 79' lang='lat' dir='ltr'><strong>Anna</strong></span> 
     </span>
     <span class='ocr_line' id='line_1_43' title="bbox 130 4586 1244 4667; baseline 0.003 -20"><span class='ocrx_word' id='word_1_409' title='bbox 130 4591 257 4647; x_wconf 82' lang='lat' dir='ltr'><strong>Conanena</strong></span> <span class='ocrx_word' id='word_1_410' title='bbox 269 4592 296 4656; x_wconf 89' lang='lat'><strong>8,</strong></span> <span class='ocrx_word' id='word_1_411' title='bbox 309 4591 342 4645; x_wconf 88' lang='lat'><strong>1:</strong></span> <span class='ocrx_word' id='word_1_412' title='bbox 362 4591 437 4642; x_wconf 81' lang='grc' dir='ltr'>Κατὰ</span> <span class='ocrx_word' id='word_1_413' title='bbox 456 4593 508 4641; x_wconf 86' lang='grc' dir='ltr'><strong>τῶν</strong></span> <span class='ocrx_word' id='word_1_414' title='bbox 522 4586 713 4660; x_wconf 61' lang='lat' dir='ltr'><strong>annosaeque</strong></span> <span class='ocrx_word' id='word_1_415' title='bbox 725 4627 731 4641; x_wconf 92' lang='lat'><strong>.</strong></span> <span class='ocrx_word' id='word_1_416' title='bbox 743 4625 749 4641; x_wconf 96' lang='lat'><strong>.</strong></span> <span class='ocrx_word' id='word_1_417' title='bbox 761 4628 768 4643; x_wconf 95' lang='lat'><strong>.</strong></span> <span class='ocrx_word' id='word_1_418' title='bbox 779 4590 1019 4663; x_wconf 68' lang='grc' dir='ltr'>συγκεκολλημένον</span> <span class='ocrx_word' id='word_1_419' title='bbox 1038 4597 1076 4665; x_wconf 84' lang='grc' dir='ltr'><strong>τῷ</strong></span> <span class='ocrx_word' id='word_1_420' title='bbox 1089 4597 1171 4667; x_wconf 85' lang='grc' dir='ltr'>τιίχα</span> <span class='ocrx_word' id='word_1_421' title='bbox 1189 4602 1244 4652; x_wconf 83' lang='grc' dir='ltr'><strong>τῶν</strong></span> 
     </span>
    </p>
   </div>
   <div class='ocr_carea' id='block_1_4' title="bbox 0 0 1561 5076">
    <p class='ocr_par' dir='ltr' id='par_1_14' title="bbox 0 0 1561 5076">
     <span class='ocr_line' id='line_1_44' title="bbox 0 0 1561 5076; baseline 0 0"><span class='ocrx_word' id='word_1_422' title='bbox 0 0 1561 5076; x_wconf 95' lang='lat' dir='ltr'><strong> </strong></span> 
     </span>
    </p>
   </div>
  </div>
 </body>
</html>
