3110 5076
343 371 434 424 Error.
447 370 541 424 luuoo.
555 369 588 423 lll
602 385 637 421 nn
651 384 736 422 nanno
747 384 778 432 ru
792 367 969 426 Sxaxoauos.
1165 360 1241 444 229

68 539 107 608 ab
128 540 252 632 impiis,
281 539 452 634 inglorium
478 547 530 611 est
555 541 716 612 effectum.
747 540 856 612 Gloria
874 547 984 612 nostra
1004 541 1064 632 (de
1084 565 1146 634 qua
1167 541 1245 612 dicit

67 666 263 760 Apostolus:
281 668 379 754 „milri
394 675 501 740 autem
516 667 600 738 absit
613 667 758 762 gloriari,
769 668 830 737 nisi
844 669 876 736 in
891 641 1124 739 erucellomini
1139 669 1244 739 nostri

67 795 147 865 lesu
162 794 331 887 Christi“)
350 795 409 866 sub
424 819 517 866 manu
533 801 663 866 tenetur
677 794 803 877 bostili;
824 796 940 890 etipse
955 797 1110 867 Dominus
1129 801 1244 868 noster

67 921 163 990 lesus
188 922 353 1005 Christus,
387 923 441 1016 qui
463 923 682 1015 captiuitatem
706 927 851 992 nostram
883 946 943 1017 pro
976 923 1070 994 nobis
1100 924 1243 994 moriens

51 1049 257 1142 captivarit,
287 1050 377 1143 quasi
401 1051 578 1145 captivatus
597 1049 636 1120 ab
656 1048 759 1142 impiis
778 1049 817 1119 ab
836 1049 1017 1122 hereditate
1036 1074 1094 1122 sua
1114 1051 1244 1145 cogitur

70 1175 212 1246 exulare.

176 1301 342 1374 llxistente
362 1302 522 1395 quondam
541 1305 571 1372 in
592 1305 708 1376 eastris
728 1327 804 1376 area
822 1303 948 1374 Domini
967 1303 1130 1388 Sabaoth,
1150 1301 1243 1374 Urias

1 1512 2 1515 Ἴ
68 1431 198 1501 domum
208 1453 298 1502 suam
308 1431 433 1524 ingredi
446 1431 749 1516 recusarit‚alieito
760 1434 856 1504 etiarn
866 1433 974 1502 uxoris
985 1455 1020 1502 se
1030 1454 1244 1524 compescens

68 1558 228 1650 amplexu.
247 1557 340 1628 Nune
354 1581 431 1629 vero
446 1559 609 1651 principes
621 1561 735 1644 nostri,
760 1559 864 1654 gloria
879 1560 977 1630 lsratil
992 1559 1032 1630 de
1046 1559 1120 1630 loco
1136 1583 1195 1630 suo
1212 1561 1244 1629 in

69 1685 219 1776 injuriam
239 1686 341 1756 nostri
359 1685 526 1768 translata,
553 1693 667 1758 uacant
685 1687 874 1758 adulterinis
893 1687 1101 1782 amplexibus,
1129 1687 1245 1758 delitiis

69 1819 101 1884 et
120 1813 240 1884 divitiis
258 1813 445 1893 abutentes,
471 1820 504 1884 et
523 1813 597 1884 dum
616 1837 652 1886 se
671 1815 805 1886 invicem
824 1814 1011 1886 inexorabili
1032 1815 1107 1886 odio
1127 1835 1245 1908 perse·

1 1929 2 1944 ¹
68 1949 224 2033 quuntur‚
244 1941 317 2011 dum
336 1963 418 2011 unus
432 1941 468 2013 in
487 1940 581 2012 aliurn
602 1965 676 2012 suas
697 1943 807 2014 nititur
825 1943 960 2035 injurias
980 1943 1153 2026 vindicare,
1181 1965 1245 2014 non

1 2113 2 2118 ,
68 2076 136 2151 est,
171 2091 267 2162 quern
295 2075 422 2138 moveat
452 2069 568 2162 injuria
595 2069 765 2152 Crucifixi3
801 2093 865 2140 non
889 2069 1130 2140 attendentibus
1155 2071 1244 2162 ipsis,

68 2195 156 2288 quod
171 2196 240 2288 jam
259 2196 411 2267 insultant
429 2195 522 2267 nobis
541 2197 658 2268 inimici
677 2198 792 2280 nostri,
812 2197 975 2268 dieentes:
999 2197 1075 2281 ,ubi
1091 2206 1142 2267 est
1155 2196 1245 2266 Deus

1 2363 2 2402 r
66 2329 190 2406 nester,
212 2323 264 2415 qui
284 2345 344 2393 nec
362 2346 399 2392 se
418 2330 539 2416 potest,
558 2346 620 2394 nee
639 2347 696 2394 vos
716 2322 757 2394 de
777 2325 898 2394 nostris
917 2323 1062 2394 manibus
1081 2321 1243 2393 liberare?

1 2447 2 2458 ’
66 2449 158 2520 Eece
172 2450 241 2541 jam
259 2448 529 2543 prophanavimus
549 2457 660 2522 sancta
678 2458 797 2522 restra.
827 2449 915 2521 Ecce
930 2451 998 2542 jam
1017 2449 1059 2520 ad
1077 2449 1244 2520 desidera·

66 2576 144 2647 bilia
163 2583 270 2648 restra
290 2599 414 2648 manum
428 2576 640 2662 extendimus,
661 2584 694 2649 et
713 2601 751 2650 ea
769 2579 842 2649 loca
860 2578 982 2672 impetu
1000 2578 1104 2671 primo
1119 2577 1244 2647 violen-

66 2711 121 2775 ter
146 2704 334 2787 invasimus,
362 2711 396 2774 et
414 2727 452 2774 ea
471 2703 563 2774 robis
581 2710 729 2775 tenemus
748 2705 871 2781 invitis,
898 2705 930 2773 in
949 2704 1064 2796 quibus
1083 2704 1244 2796 supersti-

66 2833 191 2903 tionem
211 2839 351 2903 restram
369 2831 561 2926 principium
580 2831 700 2925 fingitis
717 2833 911 2926 suscepisse.
932 2833 1003 2903 lam
1019 2831 1244 2901 infirmavimus

68 2967 102 3031 et
129 2961 349 3053 confregimus
376 2957 485 3028 uastas
512 2957 696 3043 Gallorum,
724 2959 903 3052 Anglorum
929 2964 1067 3029 conatus
1091 2959 1244 3042 elisimus,

68 3086 346 3158 Tbeutonicorurn
370 3086 454 3156 vires
480 3087 741 3178 compressimus.
785 3083 877 3156 Nunc
909 3085 1052 3156 secundo
1085 3085 1245 3177 Hispanos

71 3214 252 3285 domuimus
285 3214 464 3294 animosum
503 3219 536 3282 et
564 3236 637 3283 cum
666 3237 779 3284 omnes
807 3213 942 3283 virtutes
971 3217 1097 3282 vestras
1125 3212 1158 3282 in
1183 3234 1244 3282 nos

72 3341 227 3413 duxeritis
246 3340 469 3424 concitandas,
488 3343 537 3410 vix
556 3340 661 3412 adbuc
680 3343 712 3411 in
731 3342 836 3435 aliquo
856 3341 1052 3434 profecistis.
1081 3338 1143 3409 Ubi
1162 3361 1244 3432 ergo

73 3477 122 3539 est
139 3470 230 3540 Deus
250 3468 382 3540 vester?
408 3467 555 3560 Exurgat
573 3491 657 3539 nunc
676 3477 709 3540 et
727 3469 859 3562 adjuvet
878 3493 952 3552 vos,
977 3475 1010 3540 et
1027 3468 1083 3538 fiat
1101 3466 1192 3537 vobis
1212 3475 1246 3538 et

72 3597 130 3666 sibi
148 3601 331 3689 protector.
361 3593 553 3666 'lbeutonici
573 3597 741 3688 siquidem,
761 3597 864 3691 quise
882 3594 1132 3690 praesumebant
1150 3594 1244 3664 inau-

1 3737 2 3766 ³
74 3723 170 3796 ditum
190 3723 233 3794 de
251 3725 344 3795 nobis
363 3729 535 3817 reportare
554 3725 765 3818 triumphurn,
792 3725 833 3796 ad
852 3749 911 3795 nos
931 3724 1110 3795 vehementi
1130 3722 1244 3816 spiritu

75 3852 337 3934 transfretarunt;
366 3857 490 3922 etcum
509 3851 612 3922 solum
631 3859 771 3922 castrum
791 3851 914 3923 Barutb
938 3829 1024 3922 nullo
1050 3849 1244 3920 defendente

77 3979 246 4073 cepissent,
266 3979 325 4048 nisi
341 4001 398 4049 eos
418 3977 502 4048 sieut
521 3985 553 4049 et
571 3979 651 4049 alios
671 3979 835 4074 Principes
855 3986 981 4050 vestros
999 3979 1098 4071 fugae
1117 3975 1243 4048 benefi-

77 4105 154 4177 cium
167 4106 350 4190 liberasset,
363 4107 394 4174 in
409 4128 446 4175 se
459 4107 636 4200 potentiam
650 4114 793 4177 nostram
807 4107 950 4200 graviter
963 4105 1100 4178 fuissent
1109 4105 1243 4197 experti,

1 4243 2 4300 ὲ
78 4241 107 4304 at
122 4256 236 4305 eoram
255 4239 400 4328 stragem
418 4233 560 4326 ipsorum
580 4233 710 4304 soboles
729 4241 887 4328 perpetuo
908 4233 1106 4326 deploraret.
1135 4233 1244 4324 Reges

79 4361 154 4432 enirn
172 4369 206 4433 et
225 4361 390 4457 Principes
404 4362 514 4444 vestri,
535 4385 616 4455 quos
631 4361 749 4432 dadum
768 4361 808 4432 de
826 4368 915 4432 terra
928 4361 1109 4454 fugavimus
1124 4359 1243 4430 Orien·

78 4489 124 4573 tis,
142 4497 179 4563 ut
195 4493 344 4564 timorem
362 4513 455 4560 suum
470 4490 619 4562 audendo
636 4490 846 4573 dissimulent,
867 4489 908 4560 ad
928 4511 1003 4560 suas
1022 4487 1165 4558 latebras
1184 4484 1244 4578 (ne

82 4616 214 4691 dicamus
239 4617 360 4710 regna)
386 4619 529 4702 reversi,
554 4617 675 4689 malunt
699 4642 736 4688 se
761 4619 895 4688 invicem
919 4639 1123 4710 expugnare,
1149 4635 1244 4708 quarn
