3110 5080
298 337 376 409 404
586 346 683 402 innoc.
697 346 730 402 lll
743 361 834 402 aaran.
850 361 887 400 an
900 345 988 401 Anax.
1002 345 1035 400 ill
1048 345 1144 401 lunen.
1158 343 1204 400 Gr.

384 519 513 590 Literas
539 524 572 591 et
596 517 727 591 nuntios
752 517 984 614 Imperatoriae
1008 517 1176 614 dignitatis
1200 538 1256 600 ea,
1284 537 1347 608 qua
1368 514 1493 598 decuit,

292 648 497 740 benignitate
516 648 716 741 recepimus;
745 652 778 718 et
796 653 862 717 tarn
882 669 932 731 ea,
952 669 1036 742 quae
1055 645 1153 716 iidem
1170 644 1273 714 nuntii
1293 665 1487 739 proponere

294 774 477 860 voluerunt,
494 797 590 869 quam
604 776 733 870 quaein
747 773 851 846 literis
860 774 1112 848 continebantur
1126 771 1261 857 eisdem,
1276 771 1491 843 intelleximus

296 899 482 996 diligenter.

382 1030 632 1122 Proposuerunt
655 1027 814 1121 siquidem
838 1027 933 1099 nobis
960 1027 1038 1099 dicti
1063 1027 1167 1099 nuntii
1195 1027 1261 1110 tui,
1286 1033 1321 1097 et
1338 1025 1373 1096 id
1393 1026 1491 1097 etiam

294 1162 372 1226 tuae
394 1155 509 1227 literae
535 1155 766 1239 continebant,
791 1153 897 1250 quod,
924 1177 999 1226 cum
1023 1155 1283 1227 Christianorum
1310 1153 1489 1237 exereitus,

295 1284 349 1378 qni
364 1289 523 1356 ventanae
537 1290 589 1355 est
606 1282 836 1354 insubsidium
851 1281 976 1352 Terrae
995 1287 1141 1367 sanetae,
1160 1281 1394 1377 praeposuerit
1411 1287 1490 1352 tuae

294 1411 526 1505 magnitudinis
539 1416 662 1482 terram
676 1408 832 1480 invadere
846 1417 881 1481 et
894 1415 1010 1481 contm
1020 1409 1224 1480 Obristianos
1239 1431 1329 1480 arma
1342 1431 1489 1492 monere,

295 1543 409 1610 nostro
438 1536 655 1610 conveniebat
678 1537 806 1620 officio,
831 1543 869 1608 ut
893 1559 991 1610 eosa
1014 1536 1071 1610 tali
1096 1535 1291 1608 deberemus
1312 1536 1489 1629 proposito

294 1684 463 1748 revocare,
483 1663 629 1735 neforto
648 1686 763 1733 manus
781 1685 858 1734 suas
877 1663 919 1734 de
934 1663 1193 1736 Christianorum
1212 1687 1296 1735 nece
1313 1661 1490 1734 foedantes

292 1797 328 1862 et
346 1789 408 1862 Dei
427 1791 544 1862 exinde
558 1791 716 1864 offensam
735 1789 953 1874 incurrerent,
973 1813 1012 1862 ac
1031 1791 1177 1863 inimicos
1193 1789 1314 1861 Christi
1328 1789 1491 1861 debilitati

291 1941 356 1990 non
386 1918 548 1990 modicum
576 1941 642 1989 non
671 1923 809 2012 possent
839 1917 1042 2012 aliquatenus
1070 1915 1277 2013 impugnare.
1315 1919 1365 1989 Ex
1392 1925 1490 2012 parte

293 2046 427 2140 insuper
449 2052 526 2116 tuae
551 2043 752 2116 celsitudinis
775 2043 987 2138 adjecerunt,
1013 2043 1102 2140 quod
1120 2043 1252 2130 Alexio,
1276 2043 1343 2116 lilio
1369 2044 1490 2116 lsaehii

291 2172 410 2266 hugeli
425 2171 587 2265 quondam
606 2171 831 2266 imperatoris,
849 2171 905 2266 qui
924 2169 966 2243 ad
984 2171 1174 2266 Philippum,
1197 2169 1314 2244 dudem
1330 2171 1488 2256 Sueuiae,

290 2298 448 2385 accessit,
472 2305 509 2370 ut
535 2297 709 2394 lmperium
728 2303 898 2369 contrata
917 2299 1017 2391 ipsius
1042 2299 1150 2392 possit
1176 2298 1293 2370 auxilio
1319 2299 1487 2383 mtinere,

290 2427 434 2498 savorem
451 2424 636 2498 nullatenus
660 2431 920 2520 praestaremus3
950 2425 1025 2518 quia
1044 2426 1216 2520 imperinm
1235 2447 1301 2496 non
1320 2424 1425 2496 debet
1442 2427 1484 2496 ad

288 2575 361 2624 eum
386 2551 493 2646 aliqua
517 2551 647 2626 ratione
672 2551 816 2636 devolvi,
842 2575 918 2624 eum
941 2550 1020 2624 illud
1045 2573 1111 2623 non
1136 2575 1197 2646 per
1221 2553 1482 2635 successionem,

288 2678 348 2748 sed
366 2701 427 2772 per
447 2678 641 2750 electionem
659 2671 813 2750 nobilium
832 2679 1034 2762 conferatur,
1053 2678 1115 2750 uisi
1131 2679 1221 2749 forte
1240 2679 1370 2772 genitus
1389 2685 1483 2750 essct

286 2813 363 2900 post
388 2787 544 2901 adeptum
573 2805 739 2900 fastigium
767 2807 1000 2901 imperatoriae
1024 2805 1204 2899 diguitatis.
1241 2805 1338 2894 Quod
1365 2807 1482 2899 utique

284 2934 370 3006 idem
389 2933 521 3006 Alexius
544 2955 609 3004 non
628 2939 761 3026 poterat
777 2930 939 3028 allegare,
965 2957 1056 3016 cunr,
1084 2933 1271 3027 priusquam
1290 2940 1386 3027 pater
1404 2937 1482 3028 eJus

288 3067 378 3132 esset
396 3062 429 3132 in
447 3061 683 3156 Imperatorem
701 3067 885 3154 promotus,
906 3067 1003 3132 natus
1021 3061 1138 3143 luerit;
1159 3067 1194 3134 et
1207 3061 1282 3154 quia
1294 3067 1390 3155 pater
1403 3061 1481 3154 ejus

285 3195 365 3260 lunc
379 3188 504 3283 privata
518 3194 589 3259 erat
602 3210 756 3280 persona,
776 3189 807 3256 in
822 3187 962 3281 Imperio
978 3211 1044 3264 uon
1056 3194 1188 3282 poterat
1201 3188 1262 3260 sibi
1272 3191 1329 3283 ius
1343 3187 1481 3282 aliquod

289 3315 474 3387 vendicare.
504 3315 542 3386 ld
568 3317 664 3386 eham
692 3339 731 3387 ex
754 3323 849 3411 parte
872 3322 950 3387 tuae
969 3315 1168 3388 celsitudinis
1192 3317 1254 3388 fuit
1270 3319 1478 3412 propositum

285 3464 397 3513 eoram
425 3441 540 3524 nobis,
568 3441 676 3534 quod,
705 3463 779 3512 cum
803 3441 989 3514 Fridcrieus
1013 3445 1194 3538 imperator
1218 3443 1352 3514 multum
1370 3443 1482 3514 olien-

286 3569 373 3640 derit
391 3569 569 3640 Romanam
588 3566 786 3654 Ecclesiam,
814 3576 938 3640 etcum
958 3569 1034 3640 odio
1054 3569 1164 3663 iniquo
1190 3569 1290 3641 fuerit
1313 3591 1478 3665 persecu-

282 3705 352 3780 tus,
380 3702 415 3767 et
439 3695 494 3766 lilii
520 3695 569 3767 sui
592 3696 696 3790 patris
721 3697 869 3790 vestigiis
895 3695 1100 3769 inhaerentes
1128 3719 1199 3768 eam
1226 3719 1291 3768 non
1312 3697 1479 3768 modicum

283 3823 516 3916 aggravarint,
560 3825 732 3918 praedicto
784 3825 858 3896 duci
902 3823 1061 3908 Sueuiae,
1108 3831 1144 3895 ut
1179 3846 1318 3920 regnum
1360 3823 1481 3920 po'sset

282 3949 382 4022 ruodo
420 3949 567 4046 quolibet
610 3951 782 4036 obtinere,
826 3975 891 4022 non
927 3958 1171 4046 praestaremus
1207 3951 1388 4027 subsidium
1427 3952 1479 4023 vel

281 4079 438 4149 favorem.
1260 4177 1263 4182 Δ

372 4203 423 4277 Ad
442 4205 531 4299 quod
549 4204 753 4277 efficiendum
772 4205 813 4276 de
831 4205 919 4277 facili
939 4205 1139 4278 debebamus
1158 4207 1279 4293 induci,
1300 4208 1476 4280 cumidem

280 4331 445 4426 Philippus
478 4331 621 4404 clericali
654 4333 755 4404 fuerit
787 4333 980 4404 charactere
1016 4335 1209 4429 insignitus,
1243 4341 1278 4406 et
1308 4360 1477 4432 personae

280 4461 466 4556 hujusmodi
491 4485 554 4532 nee
577 4462 775 4534 contrahere
805 4461 951 4554 possint,
976 4483 1038 4533 nee
1061 4463 1188 4534 militari
1212 4465 1345 4558 cingulo
1369 4465 1476 4536 deco-

279 4590 363 4674 rari,
397 4589 447 4660 vel
483 4589 674 4684 dignitatem
709 4589 848 4685 aliquam
880 4591 912 4660 in
943 4591 1066 4684 populo
1100 4592 1269 4678 obtinere,
1302 4618 1378 4666 cum
1409 4596 1475 4666 sint
