3148 5080
278 341 329 414 38
396 352 637 410 GHBVSOBULMUM
651 371 726 410 ΙΙΡΡ.
740 353 849 410 GRAEC·
862 369 898 408 DE
913 367 1121 409 BIBRRTATVBUS
1135 368 1263 408 ΜΙΙῦΛῖ.
1279 351 1349 408 Van.

276 527 425 597 veniente
452 525 578 598 solidos
606 526 711 608 duos,
740 531 774 596 et
802 523 1011 596 discedentes
1039 517 1139 616 cos¹)
1168 547 1187 593 a
1214 547 1274 595 sua
1303 523 1468 618 provincia

276 653 460 746 quindecim
487 660 623 736 tantum,
652 661 688 724 ut
716 652 926 748 pervenirent
954 673 1082 723 omnem
1111 649 1322 724 donationem
1353 673 1470 723 unum·

276 801 437 873 quemque
456 780 620 874 navigium
639 778 735 850 xvn.

365 906 409 976 Et
426 907 488 1001 ipsi
508 907 596 978 soliti
615 905 781 980 adducere
800 905 861 1000 ipsi
881 899 1032 976 Venetici
1052 957 1060 974 .
1083 956 1092 977 .
1115 958 1124 974 .
1145 904 1318 989 dedomo,
1340 905 1396 998 qui
1418 905 1470 976 ilio

274 1043 423 1128 tempore
443 1034 523 1114 erit;
553 1041 586 1104 et
604 1033 657 1104 ille
677 1032 718 1125 (Ι.
738 1033 830 1125 illio)
851 1032 947 1104 detur
966 1031 1007 1104 ab
1025 1033 1098 1127 ipso
1113 1033 1375 1116 commerciario‚
1396 1055 1471 1103 cer·

275 1160 380 1232 cando
409 1159 482 1232 illos
516 1162 588 1255 ipse
619 1159 906 1244 commendarim,
936 1159 1133 1254 quandoque
1160 1165 1329 1232 revertere
1357 1159 1473 1231 votue-

275 1294 353 1358 runt
372 1287 413 1380 (l.
434 1287 622 1380 voluerint)
643 1287 685 1358 ad
703 1310 795 1359 suam
813 1286 1023 1382 provinciam.

367 1414 417 1486 Ne
427 1412 665 1486 autemhahere
680 1413 722 1506 (l.
734 1412 915 1505 intueat)
925 1413 1088 1484 licentiam
1097 1434 1159 1507 pro
1171 1411 1350 1507 cupiditate
1359 1419 1475 1484 tenere

277 1541 350 1613 ilios
369 1542 441 1636 ptus
466 1541 583 1613 diebus
601 1542 719 1626 tribus,
740 1549 774 1614 et
792 1541 870 1612 iilud
885 1541 991 1624 tieret,
1011 1539 1208 1633 quandoque
1228 1537 1471 1634 necessitat[a'e]

276 1668 388 1760 (m)ea
407 1669 624 1752 occasio'est‚
645 1668 733 1762 quod
752 1667 853 1739 debet
871 1671 954 1738 viam
974 1665 1014 1758 (i.
1034 1667 1123 1758 vim)
1144 1666 1217 1761 ejus
1237 1667 1417 1738 contraire.
1572 1745 1573 1752 χ

365 1795 410 1867 Et
432 1795 494 1892 ipsi
517 1802 626 1868 autem
651 1794 799 1866 Venetici
827 1817 888 1890 pro
917 1795 1094 1866 occasione
1123 1793 1325 1864 defensionis
1355 1815 1470 1865 eorum
1572 1765 1573 1850 3

277 1921 418 2016 alioquin
439 1923 545 2016 (sic),
575 1922 663 2017 quod
691 1923 861 2018 negotium
888 1921 1013 1995 habent
1041 1920 1082 1994 de
1108 1919 1419 2016 Constantinopolin
1442 1921 1472 1990 in

277 2051 344 2121 suis
359 2049 495 2144 navigiis
514 2049 623 2121 levare
644 2050 770 2122 scilicet
784 2051 1007 2136 Amalfitanos,
1026 2049 1165 2136 Judeos,
1186 2048 1474 2144 Longombardos‚

279 2176 321 2248 de
341 2178 470 2249 civitate
489 2178 566 2249 Bari
594 2185 628 2249 et
655 2177 812 2262 aliorum,
841 2177 902 2250 sed
929 2179 1036 2249 solum
1065 2173 1195 2250 illorum
1218 2177 1396 2270 negocium
1416 2175 1476 2246 ad-

277 2301 438 2376 duxerint.
469 2303 595 2392 Quodsi
613 2303 680 2376 hoc
698 2305 835 2389 iaciunt,
855 2327 921 2376 non
940 2304 1047 2376 solum
1066 2304 1140 2377 illos
1155 2303 1335 2376 defendere
1352 2310 1477 2400 potue·

276 2429 353 2514 rint,
374 2430 434 2501 sed
455 2437 488 2502 et
507 2454 600 2504 suum
615 2431 743 2526 justum
760 2427 1028 2528 .perdidemnt²).

368 2559 505 2652 iusuper
524 2565 558 2627 et
576 2556 641 2629 hoc
655 2559 828 2652 jubemus,
858 2566 894 2630 ut
912 2582 973 2654 per
992 2558 1098 2630 solum
1117 2557 1394 2652 logothetam),
1422 2560 1477 2655 qui

277 2691 428 2778 tempore
455 2683 510 2755 illo
541 2685 603 2755 erit
626 2683 669 2754 de
695 2683 812 2756 diurno
841 2686 884 2778 (Ι.
905 2677 1081 2777 domur),
1106 2686 1169 2757 ista
1194 2686 1323 2779 navigia
1342 2683 1386 2756 de
1406 2683 1477 2757 istis

279 2810 444 2884 Veneticis
457 2820 491 2884 et
508 2813 570 2908 ipsi
585 2811 731 2885 Venetici
747 2820 947 2917 scrutentur,
968 2815 1002 2884 et
1018 2821 1201 2908 pensentur
1219 2821 1254 2884 et
1268 2813 1474 2908 judicentur,
1571 2895 1573 2914 ἔ

278 2940 458 3011 seeundum
478 2940 566 3034 quod
584 2940 624 3012 ab
644 2941 777 3033 antiquo
797 2941 858 3012 iuit
876 2939 1100 3021 consuetudo;
1121 2941 1291 3035 atquibus
1311 2941 1475 3034 judicium
1572 2933 1573 2936 '

278 3065 415 3138 forsitan
436 3067 611 3141 interillos
630 3075 686 3140 ant
705 3091 779 3139 cum
798 3067 868 3139 aliis
888 3073 1073 3151 cremetur,
1099 3069 1241 3139 scrutari
1261 3075 1296 3139 et
1317 3067 1472 3160 Judieare

304 3473 333 3546 ¹)
353 3490 411 3529 eos
425 3473 523 3529 omittit
536 3473 628 3528 Maria.

304 3562 332 3637 ²)
351 3565 520 3635 lnmargino:
534 3561 1478 3639 inoriginaliincorrepta(sie)reperitur,etsiescripta.

352 3652 407 3710 cfr.
418 3655 523 3710 Mario
536 3655 567 3709 Τ.
579 3655 610 3718 ss,
620 3673 646 3726 p.
657 3654 725 3709 212:
738 3653 779 3709 ua
788 3669 864 3709 come
876 3654 884 3707 i
898 3653 1036 3710 Veneriani
1048 3659 1177 3727 poterano
1188 3657 1285 3714 abusor
1295 3656 1357 3712 dall·
1369 3658 1474 3713 indulto

353 3761 368 3800 e
381 3745 484 3800 cariear
497 3743 538 3799 no'
551 3745 643 3818 proprj
655 3745 803 3800 testimonii
814 3745 839 3799 lc
850 3745 931 3800 merci
942 3745 1020 3800 attrui
1031 3745 1218 3818 spaceiuudote
1229 3763 1305 3801 come
1316 3749 1434 3821 proprie,
1449 3749 1475 3803 io

352 3837 402 3891 cha
414 3837 527 3892 avrebha
546 3838 688 3908 apportato
708 3853 760 3891 non
777 3852 847 3908 poco
866 3835 951 3892 danao
969 3836 1021 3890 alle
1039 3835 1142 3906 dagans
1155 3837 1301 3909 tmperieli,
1322 3839 1441 3910 proveda
1460 3840 1479 3892 it

353 3925 468 3998 diploma
482 3927 507 3982 al
520 3926 649 3982 defraudo
668 3942 729 3981 con
749 3929 872 3998 queste
894 3927 1027 3998 parole,
1049 3927 1078 3981 le
1100 3925 1192 3998 quati
1211 3928 1352 3999 riporto
1371 3945 1481 3985 ernen-

353 4015 519 4080 date,non
533 4015 1053 4089 oomoaononalteatopienodi
1067 4017 1292 4073 aeorreaioni:

406 4103 473 4163 Non
489 4107 574 4163 liceat
592 4107 703 4163 Venetia
720 4107 816 4164 terere
834 4109 976 4178 neqotiam
995 4107 1279 4180 Amphitrites-am,
1300 4107 1481 4172 Jadoeorum,
1565 4131 1570 4144 ·

354 4195 608 4266 Lonqotordorum
630 4198 665 4254 de
687 4199 804 4255 civitate
825 4199 913 4262 Buri,
936 4204 963 4256 et
981 4199 1119 4261 aliorum,
1142 4199 1193 4255 aed
1213 4199 1305 4255 aotam
1325 4203 1482 4275 propriam

351 4287 495 4358 raeqotiam
513 4289 668 4345 adducant.
691 4289 774 4360 Quod
791 4291 936 4347 utcontra
954 4289 1004 4345 tac
1023 4289 1144 4362 sociem,
1165 4291 1332 4347 nouaclum
1351 4292 1482 4349 alienam

352 4379 509 4456 defendere
521 4381 655 4452 poterint,
668 4379 718 4436 aed
730 4384 757 4435 et
769 4397 852 4436 num
865 4381 1018 4455 proprium
1030 4381 1136 4436 iactum
1147 4381 1343 4456 perdiderint.

306 4469 336 4544 ⁸)
355 4472 549 4543 Logothata
566 4471 606 4527 da
621 4471 714 4527 domo
728 4472 780 4526 erit
793 4471 1005 4541 λογοθὲπιςτῶν
1015 4473 1162 4538 οἰκιακῶν,
1176 4489 1199 4528 a.
1210 4476 1258 4526 τοῦ
1268 4471 1364 4538 iduati,
1380 4475 1482 4548 dequo

355 4581 379 4618 r.
391 4562 524 4634 Dacaoge
537 4560 628 4618 Consi.
642 4562 733 4620 christ
747 4563 792 4619 lib.
805 4563 838 4628 11,
850 4583 876 4637 p.
891 4565 952 4620 ror.
