3110 5076
463 371 651 427 Parvraaasuu
666 375 771 428 bassan
787 375 844 427 bns.
1170 363 1239 433 181

57 545 205 616 civitatib
220 547 414 637 finnitatem
433 553 530 638 atque
547 545 732 618 custodiam
750 547 877 638 larpiri
894 567 962 614 nan
980 548 1150 638 refutarit.
1173 541 1244 615 Nos

60 693 134 740 caro
150 679 185 741 et
201 695 279 742 aum
292 669 353 742 teo
365 669 582 767 bnporotorio
595 677 793 769 principatu
806 675 980 752 srwcimti
1000 681 1033 741 et
1044 681 1243 767 potestatem

60 809 155 892 atque
172 802 333 870 oirnton
351 798 527 880 babentes,
556 822 618 869 aec
635 823 704 870 non
713 793 742 890 ¹)
762 811 796 871 et
807 801 1033 894 pecuniarum
1053 797 1242 882 thesauros,

60 925 116 998 abi
126 925 243 1020 placat
258 935 291 997 et
307 929 490 998 necessitas
507 930 627 1020 ncipit,
652 928 785 1021 laepias
802 925 1018 1023 effunmntes,
1047 949 1157 996 nonne
1175 925 1243 996 lor·

57 1056 191 1146 piemur
208 1055 330 1126 amicis
343 1053 501 1148 fidebbus
519 1063 552 1125 et
569 1055 743 1136 benivolis,
762 1063 796 1126 et
807 1076 962 1125 sermone
974 1075 1147 1124 sermones
1165 1076 1243 1124 con·

55 1181 281 1273 firmabimns‚
309 1204 510 1277 arenamque
535 1181 582 1252 ad
606 1181 868 1254 ministrandam
894 1181 983 1252 stillo
1010 1179 1244 1252 exbibebimus

57 1307 101 1378 ad
115 1332 239 1380 eoram,
252 1308 568 1390 corroborationem,
595 1320 627 1381 et
644 1309 770 1380 callum
789 1309 875 1380 cabo
894 1307 1135 1390 adbibebimas,
1156 1331 1238 1403 qua-

59 1445 153 1507 tenus
172 1437 254 1507 alim
273 1440 326 1508 cis
338 1441 508 1508 munimen
523 1435 723 1508 custoditam
736 1435 968 1508 custodiamus
980 1445 1014 1506 et
1025 1438 1244 1508 muniamus?

60 1562 101 1634 Et
126 1564 190 1635 ubi
213 1563 277 1634 boc
303 1561 496 1659 Imperialis
525 1563 745 1635 beniuolentie
779 1573 812 1634 et
844 1563 1049 1634 mianum?
1088 1561 1164 1635 Non
1192 1568 1245 1636 eis

51 1693 194 1784 januam
213 1685 463 1786 opilabimus²)‚
481 1714 544 1761 nec
557 1689 710 1762 auditum
721 1693 772 1761 eis
785 1691 986 1774 amabimus,
1006 1714 1125 1761 cenans
1138 1691 1245 1763 lacius

60 1840 114 1888 eos
141 1816 369 1912 adspieiemus
397 1829 431 1889 et
457 1821 660 1914 peticionem
684 1841 800 1888 eorum
823 1821 1050 1913 perficiemus.
1096 1818 1140 1888 lto
1162 1817 1246 1914 qaid

59 1945 161 2016 micbi
187 1943 234 2014 od
251 1950 392 2040 favores
415 1945 606 2016 sermonis?
641 1943 801 2017 Verretrcis
826 1957 878 2018 est
898 1945 1032 2041 quidem
1054 1949 1185 2040 sactum
1212 1955 1246 2017 et

60 2096 79 2140 a
86 2081 250 2167 perpetue
265 2075 424 2144 memorie
438 2063 535 2164 ant³)
555 2072 697 2168 bnperii
713 2078 823 2144 nostri
838 2071 1086 2164 chrysobolum,
1106 2071 1244 2144 diversa

61 2201 141 2293 ipsis
164 2199 316 2292 larpiens
344 2199 560 2272 tioaatuatu
586 2202 756 2295 beneficia.
797 2199 958 2294 Sequitur
990 2207 1101 2270 autem
1133 2203 1244 2294 ipsum

60 2349 134 2396 mas:
152 2335 186 2396 et
202 2325 346 2396 alterum
365 2349 530 2422 asemper
547 2327 763 2398 memorando
783 2339 816 2398 et
832 2337 884 2398 ter
903 2327 994 2397 beato
1013 2327 1055 2396 ab
1074 2327 1242 2397 omnibus·

61 2475 121 2546 que
138 2451 259 2524 dilecta
279 2451 413 2523 domino
432 2462 466 2525 et
477 2464 579 2549 patre
596 2453 737 2550 Imperii
747 2459 866 2533 nostri,
887 2453 1002 2524 eadem
1020 2457 1107 2548 ipsis
1120 2455 1242 2548 imper·

61 2583 154 2664 tiens,
176 2588 209 2650 et
227 2583 413 2674 oppositum
433 2590 500 2664 est,
525 2581 616 2677 quod
639 2591 718 2652 tunc
737 2585 870 2676 petiero
888 2590 1026 2650 atcerte
1045 2581 1092 2650 ad
1112 2589 1243 2650 restau-

59 2711 219 2778 rationem
247 2706 437 2790 amborum,
470 2706 554 2801 fidei
581 2717 614 2777 et
638 2711 813 2780 seruitutis
839 2707 1011 2790 uidelicet,
1038 2731 1136 2801 quam
1162 2731 1245 2800 erpa

59 2831 237 2928 Imperium
263 2845 414 2904 nostrum
439 2834 624 2919 babebant,
654 2847 687 2906 et
713 2839 843 2907 sinceri
865 2839 1009 2915 amoris,
1040 2859 1137 2930 quem
1162 2859 1244 2929 erpa

58 2959 255 3033 Rmnaniam
283 2961 463 3033 obseruare
489 2963 635 3056 polliciti
661 2968 818 3058 fuerant,
848 2986 1005 3032 necnon
1033 2972 1066 3033 et
1092 2964 1242 3059 affectus.

60 3086 297 3160 Necessarium
324 3093 432 3182 ipitnr
451 3097 517 3170 est,
544 3099 578 3159 et
593 3100 738 3183 utraque
754 3089 917 3172 biisderm
942 3113 1041 3184 qaam
1061 3093 1243 3173 cononem,

60 3212 260 3286 dictionibus
279 3220 435 3310 presenti
458 3225 573 3286 nostre
596 3219 792 3288 serenitatis
815 3215 1014 3309 obrysobulo
1034 3241 1126 3287 nanc
1144 3221 1244 3288 inno·

61 3347 149 3423 cari,
179 3351 345 3437 quatenus
368 3342 475 3414 ueluti
497 3345 664 3414 auitam
683 3345 720 3412 in
738 3343 848 3414 medio
872 3348 971 3415 sitam
997 3347 1139 3415 sommis
1158 3369 1244 3440 pre-

3 3477 5 3544 t
59 3473 162 3540 scobs
190 3468 321 3540 scilicet
343 3469 539 3561 cbrpsobnli
558 3494 625 3564 per
643 3473 756 3540 omnia
774 3470 969 3564 collipemus
988 3481 1021 3541 et
1037 3476 1241 3543 muniamus.

3 3569 5 3580 7
61 3593 164 3666 Habet
176 3600 293 3689 itaque
305 3601 356 3667 sic
368 3605 533 3691 perpetue
546 3600 707 3668 mernorie
720 3595 935 3692 imperatoris
949 3597 1079 3669 domini
1091 3609 1124 3670 et
1133 3605 1245 3694 patris

61 3720 198 3818 Imperii
215 3727 327 3794 nostri
343 3723 598 3815 cbrpsobulum:

3 3851 5 3870 '
164 3851 352 3922 Consueuit
376 3873 454 3945 sepe
485 3851 657 3944 antiquior
685 3849 771 3944 fides
802 3861 835 3922 et
862 3850 994 3923 motio
1022 3855 1245 3947 posteriorem
1281 3899 1282 3902 =

64 3977 331 4048 malliuolontiam
358 3977 740 4068 rosamundam,
769 3982 869 4049 uictis
896 3978 1043 4049 dominis
1069 3989 1103 4049 et
1126 3981 1246 4050 amicis

65 4108 219 4174 memoria
245 4107 394 4198 pristine
425 4101 633 4174 subditorum
658 4114 691 4175 et
713 4109 899 4177 amicorum
924 4107 1102 4190 bonitatis;
1136 4107 1246 4202 quelle

90 4306 114 4380 ¹)
132 4329 189 4366 nos
202 4313 227 4366 in
241 4329 319 4366 mser.
703 4312 732 4386 ⁸)
751 4315 814 4384 lag.
828 4333 895 4370 oro.

88 4398 115 4472 ¹)
132 4403 360 4457 abscribimus
374 4421 454 4476 supra
468 4363 626 4474 logilunbn

7 4533 9 4542 ,
133 4494 386 4566 opiorabimus‘l
429 4495 501 4550 Tenc
537 4499 624 4551 tamen

134 4586 240 4645 formam
254 4585 380 4644 rariorem
394 4585 460 4664 opit.
