3110 5076
345 382 535 438 Parurusarou
549 383 701 437 Wronsanu
715 381 737 436 ll
750 398 834 437 unsre
848 381 986 438 Sucruran.
1182 369 1257 442 173

155 551 353 638 wilielmus,
382 553 488 626 dirius
512 555 644 624 favente
669 554 840 624 clementia
867 577 925 624 rer
950 551 1082 635 Sicilie,
1121 552 1258 623 ducatus

68 678 182 772 Apulie
202 685 236 748 et
254 681 457 774 principatus
477 682 599 774 Capue.

155 806 192 876 ln
206 829 313 900 regno
330 813 446 877 nostro
462 815 497 878 et
515 807 547 878 in
561 807 684 901 reliqua
698 814 788 880 terra
804 815 838 880 et
851 831 941 880 mare
956 806 1131 902 potestatis
1145 811 1259 876 nostre

70 932 135 1004 llur
153 932 292 1004 Venetis
318 941 352 1006 et
375 933 524 1006 Venetici
553 933 632 1005 salui
661 941 696 1006 et
724 937 835 1006 securi
863 941 959 1007 erunt
986 957 1047 1028 per
1075 939 1199 1004 terram
1228 938 1261 1003 et

3 1081 4 1170 f
68 1061 209 1130 marein
234 1062 387 1154 personis
413 1062 482 1131 suis
501 1067 536 1132 et
555 1084 668 1132 eorum
694 1062 844 1154 pecuniis
864 1062 905 1132 de
924 1060 1109 1132 bominibus
1136 1059 1260 1131 nostris

69 1193 100 1257 et
131 1187 231 1257 stolio
267 1194 382 1259 nostro
417 1195 452 1260 et
492 1187 596 1281 galeis
634 1189 776 1273 nostris,
820 1190 965 1283 exeeptis
1005 1185 1187 1258 cerealibus
1225 1193 1260 1257 et

3 1339 5 1416 L
70 1313 145 1397 illis,
166 1313 220 1406 qui
240 1321 356 1385 contra
375 1337 516 1409 regnum
534 1322 683 1388 nostrum
703 1317 850 1410 egerint,
878 1321 911 1386 et
930 1315 1075 1408 exceptis
1094 1315 1174 1397 illis,
1205 1312 1259 1406 qui

70 1441 189 1511 luerint
213 1441 246 1509 in
264 1442 381 1512 auritio
401 1443 612 1536 imperatoris
631 1441 985 1536 constantinopolitani
1004 1440 1046 1511 ad
1066 1439 1260 1510 deffenden-

3 1617 5 1666 ἰ
72 1566 142 1637 dum
171 1571 246 1660 ejus
270 1569 440 1662 Imperium
469 1569 503 1638 in
529 1569 635 1662 galeis
656 1570 730 1652 illis,
761 1593 825 1663 quc
845 1569 1056 1640 continentur
1075 1569 1105 1636 in
1125 1573 1262 1660 pacton

72 1693 159 1764 Duce
188 1701 223 1764 et
250 1717 420 1766 commune
449 1695 585 1766 Venetis
612 1697 708 1766 nobis
734 1697 835 1767 lacto.
872 1695 915 1766 Et
941 1697 966 1766 si
992 1694 1106 1788 aliquis
1130 1694 1171 1765 de
1200 1693 1262 1764 illis

73 1821 173 1914 galeis
193 1821 233 1891 ab
253 1821 437 1892 bominibus
458 1823 580 1894 nostris
599 1829 717 1918 captus
736 1823 846 1906 luerit,
867 1823 917 1894 vel
937 1823 1052 1914 aliquis
1071 1827 1261 1892 nostrorum

3 1933 5 2024 ζ
73 1946 235 2018 bominum
254 1948 295 2018 ab
315 1948 389 2031 illis,
409 1949 514 2044 quiin
534 1951 613 2044 ipsis
628 1950 733 2044 galeis
747 1951 880 2032 luerint,
900 1950 973 2041 capi
987 1949 1176 2042 contigerit,
1197 1969 1263 2018 non

3 2051 5 2140 l
74 2074 175 2144 minus
194 2073 260 2144 boo
279 2097 417 2168 presens
435 2083 566 2170 pactum
585 2078 671 2148 inter
694 2100 755 2148 nos
774 2083 931 2148 statutum
951 2075 1207 2146 observabimus.

160 2203 231 2272 Nos
249 2223 316 2270 non
335 2201 522 2272 invademus
542 2205 673 2274 auferre
691 2211 817 2286 terras,
843 2227 906 2298 que
926 2208 1002 2273 sunt
1022 2201 1064 2272 de
1082 2202 1264 2271 tenimento

74 2326 172 2398 Ducis
204 2325 343 2398 Venetis
379 2335 414 2398 et
447 2327 696 2412 veneticorum,
734 2329 860 2400 scilicet
897 2353 916 2399 a
954 2323 1123 2422 Ragusa¹)
1161 2349 1265 2422 usque

74 2451 251 2524 Venetiam.

163 2579 206 2682 El
224 2581 251 2649 si
271 2579 409 2674 aliquem
425 2581 466 2650 de
482 2579 663 2653 hominibus
684 2583 806 2654 uostris
826 2583 920 2653 alicui
941 2583 981 2654 de
1001 2581 1165 2652 Veneticis
1184 2581 1267 2650 loris

75 2707 183 2778 lacere
203 2708 393 2800 contigerit,
414 2709 495 2777 infra
510 2715 579 2780 tres
595 2733 723 2780 menses
738 2715 816 2804 post
834 2710 1078 2804 requisitionem
1093 2710 1141 2779 eis
1157 2731 1269 2778 emen-

75 2834 142 2905 dari
170 2836 327 2908 iaciemus
352 2835 421 2904 sive
439 2858 500 2928 per
519 2837 748 2920 concordiam,
775 2836 842 2906 sive
862 2860 922 2932 per
935 2836 1114 2930 justitiam,
1140 2836 1167 2905 si
1187 2833 1269 2906 loris
1318 2919 1323 2937 Ι

77 2961 182 3032 lactor
199 2985 340 3056 presens
360 2962 476 3043 fuerit;
507 2963 534 3031 si
554 2986 631 3034 uero
652 2963 770 3034 absens
788 2963 898 3047 luerit,
921 2964 1015 3056 juxta
1033 2986 1112 3034 usus
1132 2969 1166 3032 et
1186 2983 1269 3032 con·
1317 2955 1320 2962 ’

80 3087 266 3159 suetudines
286 3089 380 3180 regni
401 3089 506 3158 nostri
527 3089 762 3176 emendabitur.

166 3213 235 3286 llec
264 3215 470 3284 attendemus
504 3237 564 3284 nos
593 3221 626 3285 et
658 3215 798 3285 heredes
828 3216 932 3285 nostri
961 3214 1043 3285 Duci
1073 3213 1208 3284 Venetie
1237 3221 1271 3284 et

81 3339 239 3412 Venetieis
268 3348 301 3411 et
326 3343 575 3412 successoribus
601 3343 668 3412 auis
689 3365 792 3435 usque
811 3342 853 3412 ad
872 3365 976 3412 annos
995 3343 1107 3435 uiginti
1128 3341 1178 3411 vel
1198 3363 1269 3410 am-

6 3523 8 3568 ,
81 3467 170 3560 plius,
190 3467 218 3538 si
237 3469 367 3560 utrique
386 3469 471 3562 parti
490 3467 663 3538 resederit.

167 3594 218 3663 dd
236 3594 332 3664 buius
352 3601 461 3664 autem
480 3594 706 3688 promissionis
722 3601 755 3664 et
769 3593 995 3665 concessionis
1014 3599 1127 3664 nostre
1143 3614 1269 3662 memo-

7 3697 9 3700 ·
82 3720 153 3790 riam
185 3743 322 3814 presens
356 3721 513 3814 scriptum
541 3743 601 3813 per
629 3743 741 3790 manus
769 3720 964 3800 Alexandri,
998 3719 1118 3790 notarii
1150 3719 1269 3802 nostri,

7 3895 9 3936 2
84 3847 175 3917 scribi
193 3847 350 3929 lecimus,
378 3853 411 3918 et
429 3845 516 3916 bulla
536 3869 636 3917 aurea
657 3853 771 3918 nostro
791 3848 908 3942 tipario
931 3848 1089 3940 impressa
1110 3845 1269 3938 jussimus

8 4177 11 4246 l

9 4703 16 4828 l

84 3973 239 4044 roborari.
267 3971 375 4054 Anno,
395 3997 508 4044 mense
527 3980 560 4044 et
578 3973 755 4044 indictione
774 3974 979 4068 subscriptis.

168 4099 251 4170 Data
270 4099 303 4168 iu
322 4101 403 4170 urbe
430 4102 557 4171 Pmoun
584 4100 670 4170 lelioi
689 4123 751 4192 per
770 4123 884 4170 manus
905 4100 1074 4184 Gualterii,
1094 4099 1269 4169 venerabi-

85 4221 155 4318 15⁸²)
169 4227 387 4298 Panormitani
403 4227 653 4321 archiepiscopi,
674 4233 708 4296 et
722 4225 854 4308 lluthei,
875 4228 958 4320 regii
976 4225 1269 4308 vicecancellarii,

86 4357 115 4420 et
130 4352 362 4437 Bartholomei,
382 4353 590 4447 Agrigentini
610 4353 769 4446 episcopi,
790 4353 910 4422 domini
930 4353 1032 4445 Regis
1052 4353 1267 4422 familiarium.

110 4575 303 4650 ¹)ltagusia
322 4579 371 4634 ΕΒ.
672 4577 676 4650 Ι
725 4577 1185 4651 ¹)vonerubilisomiss.iubll.
