3148 5080
287 365 309 434 2
339 375 480 430 LeonisV.
491 391 550 430 rue.
560 389 798 431 eunrsoeunmuu
808 390 844 428 oe
855 389 996 428 ιιιιιιιιιι.
1007 373 1196 430 &zeonem
1206 387 1332 430 ιιοιιιιι.
1340 371 1466 428 Venere.

284 559 370 605 eome
386 538 500 603 affirma
518 541 538 604 il
555 541 743 614 Sanseuino,
770 538 990 604 eommettendo
1009 540 1082 624 peri>
1099 558 1204 602 errore
1221 538 1293 602 nelli
1311 538 1397 609 unni,
1422 557 1479 601 una
1569 623 1570 626 Ἴ

284 649 475 713 attestatione
491 651 604 715 oerittu
620 650 654 715 in
671 650 784 714 Latino
807 649 844 714 di
864 669 957 713 mono
979 649 1033 712 del
1047 649 1137 735 Doqe
1154 646 1322 712 Giustiono
1337 646 1479 712 Portici-

281 759 383 845 potio,
400 757 458 821 ohe
473 779 531 842 pur
547 758 641 822 douri
658 778 744 822 esser
760 756 898 828 ereduta,
921 754 970 820 del
987 759 1136 837 seguente
1152 759 1268 826 tenore,
1288 753 1480 820 uttenendoei

284 867 341 930 ullu
367 867 542 931 traslatione
567 867 597 930 di
622 887 704 931 esso
716 867 895 931 Sansouino.
920 865 979 930 Sia
1002 872 1076 930 noto
1093 868 1114 929 ὰ
1131 865 1279 930 eiesouno
1298 864 1480 929 Christiano

283 981 315 1040 et
331 975 439 1058 fedele
457 976 512 1040 del
526 975 626 1041 Sento
643 978 784 1041 Romano
801 976 949 1062 Imperio,
967 982 1054 1039 tento
1072 976 1093 1038 ὰ
1109 975 1215 1040 coloro
1232 973 1291 1038 ohe
1306 994 1383 1037 sono
1399 993 1479 1058 pre-

282 1086 374 1162 senti,
399 1091 516 1171 quanto
540 1087 561 1149 ὰ
582 1086 687 1150 eoloro
710 1084 770 1150 ohe
790 1105 948 1148 verr-enno
974 1084 1080 1170 cloppe
1104 1083 1173 1152 noi.
1200 1083 1264 1146 eost
1286 1081 1372 1168 Doqi
1394 1101 1480 1145 eosne
1568 1075 1570 1094 i

282 1195 478 1267 Patrinreini.
500 1195 633 1266 Vescoui,
652 1201 682 1258 et
697 1195 777 1258 altri
791 1193 935 1257 huomini
946 1192 1138 1280 principali,
1160 1192 1338 1278 qeelmerete
1353 1190 1384 1253 io
1402 1189 1479 1254 Giu·
1568 1247 1570 1264 ‚

281 1301 421 1366 stinieno
442 1301 536 1388 Ipoto
559 1301 732 1388 imperiale
755 1309 786 1366 et
806 1299 896 1387 Doye
911 1299 948 1364 di
966 1299 1099 1372 maerin,
1120 1321 1184 1387 per
1207 1297 1403 1364 revelatione
1427 1299 1482 1364 del

282 1408 400 1496 δίψιοι·
414 1416 522 1474 nostro
538 1409 752 1496 onnipotente,
782 1416 812 1474 et
822 1430 888 1496 per
899 1409 1187 1474 commendemento
1203 1409 1257 1472 del
1270 1407 1479 1472 Serenieeimo

282 1516 480 1604 Imperatore
504 1525 535 1582 et
558 1523 782 1582 eoneeneatore
805 1517 891 1581 delle
911 1537 997 1603 paee
1019 1517 1055 1581 di
1074 1523 1152 1580 tutto
1169 1515 1196 1579 il
1214 1516 1343 1589 mondo,
1371 1517 1479 1604 doppo
1568 1551 1570 1592 ι

281 1625 372 1690 molti
386 1625 519 1710 benefici
533 1627 555 1690 ὰ
570 1626 626 1690 noi
640 1626 797 1702 concessi,
817 1625 886 1708 feei
909 1631 1018 1712 questo
1039 1625 1222 1690 monisterio
1243 1625 1278 1690 eli
1297 1624 1425 1711 oeryini
1445 1625 1480 1689 in
1569 1637 1570 1640 ’

285 1733 415 1798 Wnetie.
440 1733 584 1800 Seeondo
601 1734 660 1802 oie
676 1755 744 1800 esso
761 1736 844 1800 velle
859 1735 889 1800 ei
904 1734 1068 1819 edificasse
1084 1735 1170 1799 della
1187 1735 1327 1822 propria
1344 1735 1479 1800 Camere
1568 1761 1570 1786 2

281 1951 354 2016 delli
370 1951 464 2016 fedeli
481 1950 553 2016 deli’
565 1952 705 2036 imperio,
723 1957 754 2016 et
770 1951 901 2016 essendo
919 1951 949 2015 di
967 1971 1053 2016 mano
1071 1951 1120 2016 del
1137 1951 1235 2034 Doge,
1260 1951 1318 2017 eho
1334 1953 1477 2017 eoniessu
1569 1985 1570 2046 ι

280 2061 375 2124 hauer
402 2065 526 2144 operato
554 2082 611 2145 per
640 2062 916 2126 comandamento
944 2060 1017 2126 deli'
1029 2063 1230 2146 Imperatore,
1259 2081 1316 2126 non
1345 2062 1477 2128 admetto
1568 2125 1570 2146 ἢ

163 1840 165 1846 ’
281 1841 452 1930 imperiale
464 1847 525 1906 ete.
542 1842 655 1926 Questa
669 1845 811 1909 serittura
827 1843 894 1908 vola
911 1847 1116 1926 opertamente
1127 1843 1172 1924 gli
1185 1844 1263 1926 Dogi
1276 1842 1325 1908 uel
1335 1841 1479 1926 Registro
1568 1857 1570 1924 t

280 2170 472 2253 oppositione
489 2191 526 2234 ne
543 2172 570 2234 si
585 2171 645 2255 pue
659 2172 881 2255 impiestrere.“
900 2170 970 2254 Egit
982 2171 1021 2236 de
1034 2171 1092 2236 hoe
1109 2170 1287 2236 documento
1305 2171 1479 2256 nuperrime
1569 2175 1570 2190 ²

280 2277 461 2342 Romanin
477 2279 506 2342 in
523 2279 617 2344 storin
635 2278 665 2343 di
683 2279 816 2344 Venerin
833 2279 855 2351 Ι,
872 2301 902 2364 p.
921 2280 997 2352 162,
1016 2275 1092 2346 348.

369 2386 416 2450 De
440 2385 656 2470 antiquioribus
679 2387 770 2452 rebus
788 2387 1056 2461 Veneto-Graeeis,
1081 2389 1171 2453 sicuti
1194 2388 1232 2452 de
1253 2389 1379 2472 pristino
1397 2393 1477 2454 stetu

279 2492 465 2558 Venetorum
476 2493 574 2580 deque
590 2495 767 2575 rationibus,
784 2517 850 2580 que
866 2498 1013 2562 intereos
1030 2501 1120 2580 etque
1136 2496 1212 2560 aiios
1229 2497 1356 2581 populos
1372 2500 1476 2582 priseo

278 2622 341 2668 aeuo
359 2603 574 2678 intercessere,
592 2603 708 2670 anobis
724 2609 822 2669 aetum
840 2606 935 2670 estin
951 2606 1138 2690 prefatione.
1154 2597 1242 2670 'ridde
1259 2605 1411 2670 Wilkeu
1422 2625 1475 2670 um

278 2711 309 2774 in
325 2711 503 2793 Kreuzziige
522 2713 557 2774 Τ.
575 2711 611 2789 ll,
628 2733 659 2796 p.
678 2713 742 2778 186
759 2733 817 2798 sq„
834 2733 904 2797 pag.
926 2713 989 2778 18u
1009 2735 1055 2799 sq.

369 2863 545 2954 Cognitum
569 2861 612 2934 sit
633 2864 784 2934 omnibus
809 2862 928 2935 Christi
937 2856 966 2954 ¹)
995 2870 1028 2935 et
1057 2864 1162 2935 saneti
1187 2863 1324 2935 Romani
1348 2865 1473 2960 imperii

277 2987 445 3073 fidelibus,
471 2995 538 3060 tam
557 2991 781 3084 presentibus,
817 3015 912 3086 quam
940 2991 1073 3076 stillis,
1104 2993 1158 3084 qui
1182 2997 1260 3088 post
1285 3015 1347 3063 nos
1373 2993 1474 3062 futuri

277 3122 384 3200 erunt,
402 3122 469 3186 tum
483 3115 631 3200 ducibus,
652 3141 747 3210 quam
763 3119 958 3212 patriarchis
973 3125 1071 3212 atque
1086 3118 1252 3213 episeopis
1273 3141 1333 3190 seu
1352 3121 1473 3190 ceteris

275 3241 478 3337 primatibus,
499 3243 574 3334 quia
593 3234 697 3336 eg0'2)
717 3246 930 3329 sustinemus,
950 3245 1124 3340 imperialis
1144 3245 1291 3339 Hypatus
1311 3252 1345 3316 et
1358 3237 1470 3318 Vene-

273 3371 391 3440 tiarum
415 3369 504 3452 Dux,
538 3393 599 3464 per
629 3371 861 3442 revelationem
887 3373 1006 3442 domini
1035 3374 1139 3442 nostri
1175 3374 1408 3466 omnipotentis
1438 3381 1472 3444 et

269 3497 421 3589 jussione
448 3497 566 3566 domini
598 3499 796 3569 serenissimi
829 3500 1037 3594 imperatoris
1071 3521 1130 3568 seu
1163 3505 1196 3569 et
1229 3501 1473 3571 conservatoris

273 3623 376 3694 totius
395 3623 521 3708 mundi,
547 3623 688 3710 Leonis,
716 3632 794 3720 post
814 3627 911 3697 multu
931 3625 1028 3696 nobis
1047 3625 1205 3696 beneficia
1226 3649 1387 3697 consessa
1406 3629 1471 3698 feei

273 3749 337 3822 hoe
358 3751 591 3824 monasterium
610 3755 770 3848 virginum
789 3755 842 3826 hie
861 3757 894 3825 in
913 3755 1060 3838 Venetia,
1088 3753 1267 3824 secuudum
1287 3755 1377 3848 quod
1396 3757 1470 3852 ipse

268 3877 370 3971 jussit
389 3878 540 3950 edificare
560 3877 601 3949 de
620 3881 753 3974 proprio
772 3904 900 3952 camera
927 3881 1099 3976 imperiali,
1127 3887 1161 3951 et
1179 3881 1358 3952 seeundum
1378 3881 1469 3975 quod

267 4003 370 4096 jussit
388 4003 463 4074 mihi
483 4006 591 4076 statim
611 4013 729 4078 euneta
748 4010 934 4080 necessaria
952 4009 1023 4079 auri
1043 4008 1111 4078 sire
1130 4008 1260 4100 urgenti
1279 3997 1400 4101 dart).

364 4131 458 4202 Tune
485 4132 583 4203 etiam
608 4134 704 4205 nobis
729 4134 883 4227 reliquias
910 4135 1014 4206 saneti
1042 4135 1205 4206 Zeeearire
1232 4135 1405 4230 prophete
1431 4144 1467 4208 et

271 4256 395 4351 lignum
428 4257 535 4330 erucis
574 4258 694 4331 domini
732 4267 830 4354 atque
863 4268 984 4333 sanetae
1011 4262 1122 4332 Meriae
1149 4283 1291 4356 pannum
1324 4263 1392 4333 sire
1426 4261 1468 4334 de

296 4485 322 4557 ¹)
342 4484 549 4541 Christianis
568 4488 662 4542 Hurst.
868 4485 871 4509 ¹
921 4487 950 4558 s)
968 4489 1046 4544 dm
1065 4489 1141 4544 hebr·

294 4575 323 4647 ²)
343 4578 399 4648 qui
418 4593 499 4648 ergo
517 4578 578 4634 Bor.
592 4581 620 4632 et
632 4579 708 4634 inebr.
868 4512 872 4636 i
