3130 5082
200 391 345 444 Fornums
359 387 502 442 Aunxmru
517 405 570 442 rna
582 388 766 442 Eunnnnnnu
780 385 946 440 Gounnunu
960 397 1132 437 nnnorarro.
1187 366 1260 438 123

80 559 258 630 donaretur
277 562 347 632 etti
363 571 398 631 et
414 561 455 631 ud
473 559 530 631 ta
542 568 694 654 potestne
707 567 741 628 et
757 557 909 636 libertae,
928 556 1108 648 emnpteuit
1125 560 1159 622 et
1175 549 1264 620 tane

75 687 269 779 petr'eionem
281 685 464 782 dnrpedm
476 710 599 764 meum,
616 695 650 756 et
662 683 779 778 defluit
785 707 852 778 per
859 705 1004 778 pretereo
1017 677 1263 772 edrpeobolt'om

81 813 203 882 nattum
223 837 352 894 eonem,
380 817 442 908 qui
458 814 519 884 eut
538 820 703 908 potestate
721 810 863 905 hapem'j
877 811 996 888 nostri,
1026 805 1146 876 Grecis
1164 827 1264 896 neqo-

82 940 243 1010 eiuntt'due
267 963 344 1010 oum
369 936 532 1010 Venetiae
549 943 587 1009 in
606 937 762 1008 omnihus
781 937 978 1030 ropionibus
998 933 1179 1013 Remeato,
1208 929 1267 1000 uel

83 1065 206 1158 qnando
232 1065 352 1138 uendit
375 1066 423 1136 ud
449 1090 522 1148 eon,
544 1064 608 1134 ,uel
632 1062 764 1157 mondo
792 1067 873 1134 emit
893 1064 935 1132 ab
954 1062 1067 1156 ole'qoo
1076 1051 1106 1151 ¹)
1136 1079 1263 1133 omum,

83 1186 194 1280 dure²)
226 1216 294 1286 pro
330 1195 529 1264 commertio
560 1189 742 1284 quidlibet,
777 1191 836 1260 oet
863 1213 931 1284 pro
966 1187 1073 1258 ultera
1107 1185 1264 1280 qrtomnie

85 1321 274 1402 eructionem
301 1318 363 1389 aed
379 1327 418 1388 ut
444 1325 652 1388 eeeuaentm·
679 1326 712 1387 et
739 1319 822 1410 ipsi,
850 1319 941 1387 aiem
957 1325 990 1386 et
1007 1313 1077 1406 dij,
1106 1313 1167 1407 qui
1183 1333 1261 1379 oum

86 1449 289 1538 eommerm'ja
302 1448 536 1536 rreqoeiuotur.
564 1441 682 1514 Verum
703 1453 812 1513 tumen
832 1442 1010 1514 detentet
1039 1437 1187 1512 Venetici
1211 1460 1263 1516 ed,

87 1592 142 1662 que
153 1595 218 1664 per
233 1575 363 1667 foetum
382 1573 508 1665 scripto
526 1573 783 1640 annotationem
793 1593 815 1638 o
826 1569 947 1662 leqottn
962 1589 1077 1639 eorum
1090 1565 1265 1659 prometto

86 1705 165 1776 eunt,
188 1695 431 1768 iureiurando
451 1695 594 1790 hnpere‘o
612 1721 685 1766 ntea
701 1699 804 1789 firmo
822 1719 965 1766 neruore
982 1699 1192 1788 incorrupto.
1223 1687 1265 1760 In

16 1861 18 1872 ν
88 1844 144 1914 quo
167 1833 267 1892 erunt
293 1847 426 1905 eorum,
451 1845 517 1916 que
529 1845 597 1918 per
608 1845 755 1916 premar
773 1821 1023 1913 edrqendoltion
1042 1819 1164 1890 donato
1184 1825 1266 1887 urat

88 1951 171 2041 iptio,
189 1953 280 2031 uteru,
293 1947 457 2020 donuutee
470 1951 546 2020 niue
559 1949 727 2020 ablutione
740 1951 778 2019 in
792 1939 932 2041 euum⁸)
949 1971 1056 2028 omae,
1076 1955 1114 2016 ut
1127 1948 1265 2040 firmum

16 2101 17 2136 1
59 2077 283 2146 'durarum
301 2079 340 2146 ia
359 2099 444 2146 eene.

16 2271 17 2274 ,
163 2199 308 2272 Preeene
352 2201 587 2294 eltrqeodolton
626 2207 757 2297 suetum
784 2225 852 2295 per
886 2201 1076 2294 Aupuetum
1114 2221 1264 2269 mentem

16 2387 18 2422 ‚
88 2338 195 2418 quarte
211 2325 416 2416 Iadr'ctioaiq
438 2328 676 2398 summittentem
694 2325 911 2398 CCXXXIII]
931 2320 1065 2418 aaut),
1093 2329 1132 2396 in
1149 2349 1215 2420 quo
1234 2334 1268 2396 et

86 2461 227 2522 nentrum
238 2457 339 2547 pium
359 2463 392 2524 et
408 2477 430 2522 a
448 2453 509 2524 deo
525 2463 715 2546 promotum
733 2455 952 2546 eubetqouuit
968 2451 1190 2547 Imperium“.

165 2581 207 2650 nt
225 2559 288 2650 iren
309 2579 451 2672 quidem,
481 2603 545 2671 que
565 2603 583 2649 a
602 2579 754 2650 laudabili
775 2581 977 2674 Imperatore
998 2585 1032 2649 et
1051 2602 1113 2649 auo
1133 2577 1263 2671 lmperij

85 2705 138 2773 mei
165 2713 198 2774 et
223 2729 243 2776 a
271 2714 324 2776 ter
350 2707 448 2776 beato
479 2707 681 2799 Imperatore
710 2707 840 2777 domino
866 2713 899 2776 et
926 2713 1021 2798 patre
1046 2705 1175 2798 tmperij
1203 2705 1265 2772 mei

85 2829 195 2902 donata
221 2831 417 2902 fidelissimis
437 2833 576 2924 Imperio
604 2839 720 2903 nostro
740 2833 905 2902 Venetieis
933 2856 995 2925 per
1020 2829 1265 2924 chrysobollion

82 2953 220 3038 iilorum;
249 2957 338 3049 quod
364 2959 477 3049 utique
505 2959 750 3050 chrysoboltion
771 2965 920 3028 nostrum
941 2981 1073 3052 quoque
1093 2957 1180 3050 pium
1199 2959 1265 3026 lm-

83 3081 198 3171 perium
212 3083 321 3152 firmat
335 3105 396 3174 per
409 3093 599 3175 presentem
610 3083 855 3177 chrysobollion
871 3107 1068 3166 sermonem,
1085 3081 1267 3174 diffinitque

84 3207 245 3278 efficatiam
266 3210 409 3291 auterre,
429 3209 515 3278 sieut
533 3209 698 3280 habebant
717 3210 780 3280 hoe
800 3212 834 3280 et
852 3234 957 3303 usque
976 3210 1018 3281 ad
1037 3211 1267 3304 migrationem

17 3333 18 3386 t
84 3331 119 3400 ad
143 3333 308 3404 dominnm
337 3328 588 3426 Imperatorin⁵J
623 3335 792 3405 laudabilis
821 3343 855 3407 et
880 3344 934 3406 ter
962 3337 1049 3406 beati
1083 3336 1202 3405 domini
1233 3343 1267 3406 et

17 3449 18 3454 ἵ
83 3460 173 3548 patrie
202 3461 335 3554 Imperij
364 3461 445 3542 mei,
476 3459 568 3532 uelut
593 3464 690 3532 etiam
708 3463 873 3533 Venetiein
893 3469 1051 3533 consueta
1070 3462 1130 3532 eibi
1150 3485 1265 3532 saera-

83 3593 178 3656 nenta
197 3610 296 3658 saera
314 3585 523 3667 habentibus,
550 3611 685 3657 seruare
704 3587 745 3658 ad
770 3589 943 3682 Imperium
962 3612 1068 3660 meum
1088 3597 1123 3660 et
1142 3589 1265 3658 Roma·

84 3710 155 3780 iriam
173 3713 270 3782 fidem
290 3721 324 3782 et
338 3712 507 3782 seruitium
521 3713 599 3806 ipsis
615 3709 811 3807 operibns⁶)
831 3739 958 3810 puram,
980 3739 1101 3797 reram,
1120 3721 1262 3786 rectam.

18 3859 19 3896 t
107 3845 115 3878 ¹
147 3850 188 3901 ati
220 3867 260 3902 na
276 3851 356 3902 Eser.

18 3907 20 3922 ‚
105 3847 129 4006 ¹))
145 3939 182 3992 eie
196 3867 367 4011 dempsimuu
381 3939 406 3990 in
421 3939 473 3992 LA.
487 3940 679 4010 compendium,
694 3940 764 4010 qnod
778 3941 878 3995 valeret
890 3941 976 3995 dein.
991 3941 1018 3994 ln
1032 3941 1081 3996 [Ρ.
1095 3942 1229 3996 dentur.

18 4063 20 4110 q
103 4023 127 4097 ⁸)
145 4029 160 4081 i.
174 4045 197 4082 e.
212 4045 327 4093 rerum,
340 4030 378 4084 uti
392 4030 442 4082 LP.
455 4029 487 4084 lt.
500 4031 526 4083 in
539 4031 589 4083 td’.
603 4029 613 4082 l
626 4031 728 4084 laeana.

103 4112 128 4186 ⁸)
145 4119 220 4172 etiam
238 4119 282 4172 bie
302 4135 427 4172 numerus
444 4119 603 4190 depravatus
622 4123 671 4173 eet.
692 4121 842 4192 Legendum
859 4138 906 4174 nex
927 4121 1056 4176 millenimi
1071 4123 1116 4176 pp
1136 4123 1266 4195 (nereen-

18 4221 19 4226 ’
144 4207 244 4279 tenimi)
265 4210 395 4268 ffllssl,
417 4207 461 4278 qui
474 4227 555 4262 annun
574 4208 660 4262 mnndi
680 4211 825 4281 respondet
843 4229 910 4265 anno
930 4230 956 4282 p.
971 4210 1070 4267 Christ.
1085 4213 1170 4276 1126,
1188 4231 1265 4283 quem

144 4294 251 4351 indictio
266 4314 376 4367 quoque
389 4298 508 4367 requirit.

103 4380 957 4458 ⁵)1mperatoribueLA.intmperntoribunLP.l.tt.

104 4470 126 4546 ⁸)
144 4479 262 4550 opibus
276 4477 301 4530 in
316 4493 395 4531 mser.
415 4477 461 4539 Ea,
472 4494 531 4549 quae
545 4480 635 4534 atatim
649 4483 804 4552 sequnntur,
817 4481 843 4535 in
858 4499 936 4538 meer.
952 4483 1094 4556 deprauata
1108 4488 1154 4540 aut
1167 4485 1266 4541 decur-

142 4570 194 4622 tntn
207 4569 344 4637 leguntur.
