3130 5082
297 341 370 414 134
429 353 582 416 Rarusnns,
596 351 776 406 durrocnrm
793 367 944 415 annuemus,
958 369 1061 406 aarum.
1075 352 1145 406 Vns.
1160 365 1340 406 concussura.

292 522 456 594 dimidium
471 521 550 594 dare
570 520 657 592 soliti
677 519 753 606 sint,
774 521 905 592 amodo
926 521 969 594 de
989 523 1133 594 somerio
1154 521 1340 592 Bisancium
1360 523 1484 588 tantum

292 648 386 720 etde
407 647 546 718 camello
567 647 653 718 dnos
670 647 842 718 Bisancios
861 647 997 720 dabunt.

384 774 544 846 Preterca
572 781 704 846 carates
731 772 794 842 iilis
822 773 1066 858 condonamus,
1104 781 1138 845 et
1166 773 1258 844 bruna
1286 771 1486 842 anctoritate

292 899 522 982 concedimus,
556 899 645 992 quod
673 899 760 970 nialla
789 901 966 970 occasione
995 902 1164 993 quisquam
1191 898 1224 972 in
1252 905 1345 970 terra
1373 901 1488 966 nostra

293 1050 401 1120 neque
419 1027 450 1095 in
470 1025 546 1096 nilla
566 1031 679 1096 nostra
697 1024 771 1094 illos
790 1026 956 1118 oprimere
975 1026 1028 1096 uel
1052 1049 1110 1098 sua
1138 1025 1282 1096 aufferre
1307 1027 1487 1116 presumat.

293 1151 363 1222 Nee
382 1175 444 1246 pro
464 1151 529 1221 ulla
543 1151 710 1234 forifacto,
731 1151 818 1244 quod
839 1152 965 1222 inmari
985 1154 1039 1224 uel
1059 1153 1133 1224 alibi
1149 1173 1233 1246 gens
1249 1173 1364 1222 eorum
1380 1170 1489 1242 quon-

294 1279 368 1348 dam
383 1278 513 1362 iecerit,
533 1277 587 1348 uel
602 1277 779 1347 infuturum
795 1278 908 1362 faciet,
925 1280 1162 1372 negociatores
1175 1277 1291 1350 Veneti
1307 1273 1488 1346 ullomodo
1553 1255 1554 1260 ἵ

294 1403 514 1498 impediantur
532 1403 584 1474 uel
605 1402 845 1474 disturbentur.

384 1529 483 1600 Etsi
512 1529 718 1624 naufragium
748 1530 780 1598 in
808 1536 899 1600 terra
928 1536 1042 1600 nostra
1071 1531 1187 1602 souin
1213 1535 1304 1600 terra
1329 1527 1490 1598 baronum

296 1661 486 1727 nostrorum
513 1655 601 1748 passi
629 1655 767 1738 suerint,
796 1655 838 1724 de
864 1655 965 1726 rebus
984 1658 1052 1726 suis
1072 1655 1169 1726 nichil
1196 1656 1349 1748 perdant.
1377 1653 1492 1734 Saloe,

295 1787 418 1876 quanto
439 1779 553 1851 melius
572 1781 730 1874 poterint,
751 1787 787 1850 et
805 1803 921 1851 nauem
942 1789 977 1852 ct
996 1781 1104 1852 omnia
1123 1805 1183 1854 sua
1202 1782 1403 1874 recoligant.

384 1909 542 1978 Preterea
569 1905 781 1978 concedimus
808 1907 887 2000 ipsis
913 1907 1080 1978 Venetieis
1105 1916 1223 1978 tenere
1249 1908 1373 1977 curiam
1400 1927 1493 1976 suam

297 2034 403 2104 sancti
426 2033 527 2104 Marci
551 2034 583 2100 in
603 2031 743 2102 funditio
763 2056 824 2102 suo
844 2034 876 2103 in
895 2032 1090 2118 Antiochia,
1115 2040 1150 2104 et
1168 2032 1281 2104 facere
1301 2033 1415 2104 iuditia
1434 2055 1495 2101 sua

297 2159 401 2229 libere
422 2165 457 2228 et
477 2159 587 2252 quiete
606 2157 787 2228 secundum
807 2159 915 2254 legem
935 2167 969 2230 et
987 2165 1111 2230 statuta
1133 2181 1261 2242 eorum,
1282 2153 1402 2254 ipsis¹J
1424 2159 1493 2228 eis-

298 2285 370 2354 dem
381 2283 599 2354 iudicantibus
614 2283 655 2354 de
672 2307 876 2379 quacumque
894 2285 1040 2380 querela,
1060 2287 1351 2380 aquibuscumque
1363 2285 1396 2354 in
1411 2307 1494 2354 oau-

297 2433 365 2480 sam
386 2409 673 2504 prouocabnntur;
692 2434 754 2480 nec
773 2411 866 2482 alicui
887 2420 1077 2484 nostrorum
1090 2412 1204 2484 licebit
1217 2411 1418 2506 perturbare
1437 2417 1496 2481 aut

297 2539 479 2630 inquietare
495 2537 585 2630 ipsos
599 2535 782 2608 iudicantes
799 2542 856 2607 aut
868 2537 985 2610 iudicia
1000 2561 1133 2620 eorum;
1150 2561 1213 2610 nec
1224 2537 1298 2606 alibi
1314 2561 1375 2630 per
1388 2543 1494 2608 totam

298 2670 444 2733 nostram
455 2662 801 2746 terram,nisiincnria
812 2665 915 2733 sancti
924 2665 1023 2733 Marci
1032 2687 1092 2734 sua
1101 2665 1495 2758 respondereeogentur.

390 2788 566 2858 Sciendum
587 2795 649 2869 est,
680 2789 767 2880 quod
788 2812 849 2857 nos
869 2796 903 2858 et
922 2789 1064 2860 barones
1084 2791 1189 2862 nostri
1209 2792 1291 2874 ista,
1318 2783 1395 2882 ut²)
1417 2813 1498 2884 pre-

298 2915 423 3006 scripta
443 2920 531 2996 sunt,
552 2915 689 2984 tirmiter
708 2919 826 2984 tenere
845 2921 880 2984 et
898 2937 1101 2985 conseruare
1122 2915 1315 2986 insanimus.

389 3037 432 3109 vt
457 3047 566 3110 autem
590 3039 739 3130 predicta
766 3040 857 3110 firma
884 3047 919 3110 et
944 3047 1017 3110 rata
1043 3047 1078 3111 et
1103 3041 1259 3112 inuiolata
1284 3042 1318 3112 in
1346 3049 1499 3113 eternum

299 3172 532 3258 permaneant,
562 3165 612 3236 bis
631 3165 734 3234 literis
754 3165 890 3236 enodari
917 3166 1125 3260 testibusque
1144 3167 1308 3238 subscribi
1329 3192 1370 3239 ac
1389 3167 1500 3262 sigillo

300 3296 418 3360 nostre
438 3291 644 3360 auctoritatis
664 3289 875 3360 corroborari
895 3292 1045 3360 fecimus.
1339 3369 1345 3388 ἱ

393 3417 527 3486 Factum
548 3422 600 3486 est
625 3423 735 3484 autem
763 3414 828 3484 boe
855 3416 1063 3510 priuilegium
1091 3441 1151 3510 per
1179 3441 1309 3489 manum
1331 3417 1503 3500 Gauiredi,

302 3539 488 3632 canceilarij
519 3541 600 3624 mei,
630 3563 715 3611 anno
741 3539 781 3611 ab
810 3539 1033 3612 incarnatione
1053 3542 1174 3614 domini
1204 3544 1391 3615 menan?
1416 3544 1503 3614 indi-

301 3667 412 3738 ctione
429 3667 544 3760 prima.

395 3793 497 3862 Facta
516 3801 568 3862 cst
587 3791 650 3862 bec
670 3793 857 3876 concessio,
884 3793 1038 3885 exigente
1059 3819 1078 3864 a
1098 3795 1193 3866 nobis
1210 3795 1386 3868 Dominico
1405 3797 1504 3867 Bono

306 3915 480 4000 venetico,
501 3939 614 3986 coram
633 3916 773 3986 testibus
792 3918 859 3986 bis:

396 4041 544 4112 Renaldo
573 4041 622 4110 De
651 4033 832 4133 biargat⁸),
859 4041 1006 4114 Garento
1036 4045 1077 4114 dc
1104 4045 1235 4128 Saona,
1265 4045 1417 4118 Roberto
1439 4045 1507 4116 tilio
1553 4095 1558 4104 -

307 4165 486 4251 Gauiredi,
525 4165 672 4238 Galterio
710 4166 750 4236 de
787 4167 896 4239 Surda
934 4167 1015 4239 valle
1053 4177 1088 4240 et
1124 4171 1273 4244 boberto
1312 4172 1380 4242 filio
1421 4175 1508 4258 eius,

335 4425 363 4498 ¹)
383 4424 612 4495 ipsisadditnm.
904 4437 909 4578 Χ
958 4427 987 4500 ⁸)
1007 4429 1161 4484 Rsnadus
1175 4429 1359 4504 deblsrgat
1377 4433 1429 4488 LP.

335 4513 364 4588 ¹)
384 4520 420 4569 ut
434 4513 561 4568 additum.
