3130 5082
294 341 344 413 84
731 351 847 404 Psoron
861 349 1032 402 Wanuuuor.

292 517 488 593 cannuccio,
509 518 553 582 od
572 517 721 582 maiorem
735 536 841 582 renem
854 521 1015 604 poctarum
1031 511 1220 578 evellentium
1232 533 1367 600 ponere,
1391 512 1479 600 quod

291 627 338 692 sic
352 627 463 692 hotot:
487 627 531 692 ln
547 627 703 691 nomine
718 633 789 690 cett.

381 733 614 799 Guilielmus
636 735 719 818 Tyr.
744 734 796 811 13,
823 732 864 798 14
886 731 996 820 (Gesta
1014 731 1063 796 (lei
1085 750 1140 816 per
1156 729 1290 796 Francos
1313 732 1363 796 ed.
1380 732 1477 796 Bon·

293 865 392 928 gara.
409 845 445 907 Τ.
464 843 485 916 l,
502 865 530 928 p.
549 841 650 928 840:
678 844 855 932 Triportito
881 863 956 930 erpo
982 841 1110 907 civiate
1127 839 1253 928 (Tyro),
1277 842 1401 907 declus
1414 843 1476 906 do-

290 953 373 1017 mino
386 953 475 1040 Repi,
491 953 585 1017 tertio
602 953 728 1024 tenete,
744 935 914 1018 comodum
929 951 1013 1038 qood
1022 950 1130 1038 poetis
1143 949 1235 1037 prius
1246 952 1356 1033 fuerat
1371 951 1476 1014 oacr-
1563 1023 1564 1028 ἵ

291 1071 365 1138 tum,
390 1062 563 1148 oosipnotn,
587 1083 654 1127 orem
675 1063 774 1126 molto
795 1061 905 1126 lotitia
921 1069 951 1126 ct
965 1061 1062 1147 pleno
1079 1059 1283 1144 jucunditate
1297 1059 1418 1147 oinpuls'
1432 1059 1479 1124 od

287 1173 428 1260 proprio
443 1178 631 1237 rerocorunt.
651 1172 751 1258 Copto
767 1177 813 1236 eet
829 1179 932 1235 cutem
947 1171 1056 1236 cadon
1072 1169 1183 1234 duston
1199 1177 1230 1234 oc
1243 1169 1364 1234 nomini
1378 1171 1477 1234 rosti-

259 1355 262 1362 ,
291 1289 359 1346 tuto
388 1281 567 1348 Christiano
595 1281 688 1345 tortio
714 1280 776 1345 leol.
802 1281 900 1356 cotti,
931 1300 1014 1344 anno
1041 1279 1080 1344 ob
1110 1279 1330 1346 incarnatione
1357 1279 1479 1344 domim

290 1390 333 1454 M.
349 1392 380 1456 C.
393 1391 467 1456 XXI
470 1391 507 1462 V„
528 1391 621 1478 repni
641 1411 714 1454 cero
739 1389 858 1454 domtus·
881 1388 1049 1465 Baldoioi,
1076 1388 1163 1470 repis
1186 1389 1478 1472 Hierosolymorum

292 1499 433 1576 secundi,
449 1521 533 1564 anno
548 1505 649 1564 scoto.

382 1671 417 1740 ln
445 1668 573 1740 nomine
600 1673 712 1739 sancte
736 1675 769 1739 et
793 1667 955 1738 indiuiduo
978 1667 1147 1750 trinitatis,
1176 1667 1277 1762 patris
1303 1673 1339 1738 et
1361 1667 1417 1738 lilii
1443 1673 1478 1738 et

293 1797 425 1891 spiritus
444 1797 557 1866 saneti.

384 1923 558 2017 Tempore,
578 1944 642 2017 quo
656 1923 743 2016 Papa
757 1914 937 2014 Calixtus¹)
957 1922 1120 1994 secundus
1139 1929 1173 1994 et
1191 1915 1363 2018 quintus²)
1383 1923 1477 1994 llen-

292 2051 380 2122 ricus
399 2044 621 2122 Romanorum
640 2049 821 2142 Imperator
839 2055 1016 2141 augustus,
1044 2073 1127 2143 pace
1146 2049 1264 2120 eodem
1284 2073 1370 2122 anno
1391 2051 1480 2121 inter

293 2200 430 2270 regnum
450 2183 484 2248 et
502 2175 721 2247 sacerdotium
744 2199 844 2270 super
866 2169 1012 2268 anouli³)
1039 2182 1073 2246 et
1099 2175 1203 2248 baculi
1234 2179 1476 2261 controuersia,

294 2305 458 2377 celebrato
478 2305 580 2375 Rome
599 2303 749 2388 concilio,
770 2303 832 2373 deo
853 2303 1024 2374 auxiliante
1043 2310 1188 2397 peracta,
1209 2295 1330 2395 alter⁸)
1351 2304 1477 2375 Roma·
1563 2339 1564 2342 ¹

292 2456 364 2503 nam
383 2431 565 2514 ecclesiam,
585 2421 705 2522 alter⁴)
726 2453 863 2524 regnum
882 2423 1069 2524 regebat),
1090 2431 1276 2501 Dominicus
1297 2429 1477 2513 Michaelis,

296 2559 430 2630 Venetie
449 2559 531 2642 Dux,
560 2557 716 2629 Dalmatio
737 2563 833 2652 atque
852 2559 984 2630 Oroatia
1003 2559 1097 2652 regni
1116 2561 1282 2652 princeps,
1311 2537 1480 2630 innumera

295 2686 446 2757 classium
470 2685 645 2779 militiaque
669 2683 886 2768 multitudine,
914 2685 1005 2778 prius
1028 2689 1135 2755 tamen
1160 2691 1235 2756 aute
1258 2687 1481 2780 importuosas

294 2814 466 2884 Ascalonia
489 2814 576 2907 ripas
600 2835 801 2906 paganorum
821 2812 970 2882 classium
989 2814 1080 2906 regis
1098 2814 1265 2884 Babilonie
1285 2815 1481 2906 grauissima

296 2946 409 3033 strage
427 2940 525 3024 lacta,
554 2939 681 3010 demum
699 2940 731 3009 in
750 2939 930 3010 Jerusalem
948 2945 1061 3033 partes
1081 2939 1122 3009 ad
1141 2941 1359 3011 necessarium
1378 2940 1479 3012 chri-

295 3067 472 3138 stianorum
492 3068 705 3162 patrocinium
724 3067 921 3138 uictoriosus
941 3060 1125 3160 advenit*).

384 3197 452 3266 Rex
471 3195 590 3290 quippe
612 3194 788 3265 Balduinus
813 3195 992 3266 Jerusalem
1016 3194 1178 3265 secundus
1203 3201 1282 3266 tunc
1306 3196 1478 3290 temporis,

273 3373 279 3386 .
294 3323 438 3416 peccatis
458 3323 579 3392 nostris
595 3322 809 3416 exigentibus,
825 3321 884 3392 sub
899 3321 1008 3405 Balac,
1028 3323 1174 3417 principe
1188 3321 1393 3408 Parthorum,
1415 3347 1479 3418 pa-

295 3471 453 3542 ganorum
463 3449 579 3543 laqueo
595 3449 822 3543 cumpluribus
832 3447 904 3540 alijs
918 3448 1064 3543 captiuus
1078 3450 1263 3520 tenebatur.
1283 3450 1426 3544 Propter
1440 3475 1481 3522 ea

294 3599 356 3646 nos
375 3577 503 3670 quidem
518 3575 734 3646 Warmuadus
745 3569 789 3668 6),
812 3577 923 3670 gracia
943 3575 995 3646 dei
1014 3581 1126 3648 sancte
1140 3577 1280 3648 ciuitatis
1294 3579 1480 3650 Jerusalem

318 3911 345 3984 ²)
365 3909 619 3984 Collatuspapa
633 3913 761 3984 Bongars.
931 3913 960 3987 ⁴)
980 3915 1131 3986 alterque
1144 3913 1171 3988 β.
1191 3917 1243 3972 LA.

316 4003 345 4075 ⁸)
365 4003 403 4056 sic
413 4007 486 4057 recte
496 4003 576 4074 Boag.
590 4007 727 4075 quartus
740 4001 790 4075 αβ.
801 4004 853 4059 nl.
934 4003 962 4078 ⁶)
981 4005 1021 4060 sic
1029 4025 1056 4059 α.
1070 4007 1194 4076 Boagare.
1208 4009 1370 4080 regebant
1383 4007 1410 4080 β.
1423 4011 1478 4065 LA.

316 4093 345 4167 ³)
365 4094 474 4148 anuali
493 4111 508 4148 a
525 4111 599 4148 manu
619 4096 716 4166 prima;
741 4096 855 4150 correxit
934 4095 962 4170 ⁰)
982 4097 1245 4153 varmundusLA.
1265 4100 1477 4155 Gormuoclus

364 4185 481 4239 secunda
494 4185 560 4252 LA.;
580 4187 667 4240 anuli
683 4186 733 4240 [Ρ.
981 4191 1133 4244 constanter
1145 4189 1270 4260 Bongare.

328 4293 357 4366 ⁶)
374 4294 509 4355 chrct,
523 4295 567 4364 qui
581 4296 647 4348 hunc
662 4296 745 4348 locum
760 4295 867 4366 allegat,
880 4297 916 4349 lta
929 4295 1005 4364 legit:
1020 4297 1099 4352 Dom.
1112 4297 1198 4353 Micls.
1213 4300 1280 4353 nuo
1294 4298 1477 4355 Venetorum

292 4391 375 4455 atque
388 4381 537 4438 Dalmatio
549 4387 576 4438 et
589 4385 670 4454 repat
681 4385 840 4440 Jerusalem
858 4387 990 4460 princepe
1003 4385 1061 4440 iun.
1074 4387 1107 4441 cl.
1121 4405 1157 4442 m.
1171 4406 1207 4442 m.
1223 4406 1268 4462 pr.
1281 4393 1301 4444 t.
1314 4407 1340 4443 o.
1355 4390 1424 4465 imp.
1440 4392 1477 4446 A.

293 4475 348 4545 rip.
366 4491 430 4545 pop.
448 4473 598 4530 debellauit
615 4475 728 4530 cloacam
747 4477 822 4544 repta
841 4475 1011 4545 Babylonio,
1032 4496 1075 4546 pr.
1089 4481 1140 4534 atr.
1155 4477 1178 4549 f.
1192 4480 1217 4534 d.
1233 4480 1264 4534 in
1277 4481 1306 4535 J.
1318 4498 1348 4554 p.
1362 4482 1401 4536 od
1414 4499 1476 4538 nec.

296 4563 361 4620 Clsr.
379 4567 443 4619 vict.
456 4563 579 4621 advenit.
