3110 5076
264 355 341 428 266
503 366 691 420 Peavrnssruu
706 366 806 420 Aurxu
820 365 853 420 ΙΙΙ
868 365 926 420 lua.
938 365 1007 420 Vsu.
1021 381 1194 420 concussura.

261 535 433 608 Prouincias
451 528 652 630 Valachie¹).
677 537 868 632 Epislrepsis
887 529 1146 626 Dimitriados2).
1175 536 1247 606 uuo
1267 525 1446 624 Almeri³).

261 663 450 760 Epislrepsis
469 658 734 758 Greuennicou⁴J
755 671 788 735 et
807 665 963 736 Tersalen
972 657 1017 756 ⁵).
1044 663 1234 760 Epislrepsis
1252 653 1447 752 Democu⁶)

289 943 314 1018 ¹)
336 947 491 1002 Vulochia
509 949 591 1002 nostri
605 947 657 1002 loci
670 951 712 1002 est
725 947 860 1004 Thessalia
879 947 1003 1020 (Vlaehie
1016 945 1126 1020 maiur);
1144 945 1274 1000 Aetoliam
1286 962 1345 1000 cum
1358 945 1450 1000 Acer·

333 1039 408 1093 nenia
420 1038 553 1094 Vlachiam
573 1039 697 1093 minorem
710 1039 843 1110 Byzantini
857 1039 989 1102 dicebant,
1009 1039 1068 1093 coll.
1082 1037 1267 1092 Thessalonica
1286 1055 1313 1108 p.
1327 1037 1385 1091 490
1397 1053 1451 1106 sq..

333 1129 377 1181 ubi
395 1129 483 1182 citatis
503 1129 571 1184 udde
590 1128 680 1184 llarini
699 1129 790 1184 Sanuti
809 1131 948 1203 epistolam
965 1131 1000 1185 lll
1019 1129 1118 1203 (Gesta
1136 1129 1178 1183 dei
1195 1145 1244 1200 per
1256 1127 1386 1188 maneos,
1406 1124 1449 1180 ed.

334 1219 458 1290 Bongars.
471 1221 502 1274 T.
517 1221 547 1285 11,
560 1238 620 1293 pag.
632 1221 685 1276 293
698 1221 764 1294 sap).

286 1309 315 1383 ²)
334 1311 590 1374 Demetriadem,
608 1312 752 1366 Thessalia
770 1311 861 1366 urbem
875 1312 1015 1374 celebrem,
1033 1310 1104 1384 qued
1118 1309 1230 1365 medium
1242 1326 1325 1364 aarum
1339 1307 1450 1366 attinet,

334 1402 517 1456 illustravimus
531 1403 556 1456 in
568 1403 754 1458 Thessalonica
766 1419 828 1473 pog.
843 1402 961 1466 Lllllllll,
974 1404 1036 1458 495.
1060 1403 1188 1456 Addimus
1202 1399 1344 1470 Georgium
1358 1399 1450 1454 Acro-

334 1492 441 1564 politam
460 1511 518 1566 cap.
537 1495 587 1549 38:
616 1495 667 1546 Τὸν
689 1498 735 1555 τῆς
760 1493 940 1566 dapar-patior
957 1498 1057 1564 χῶρον.
1081 1493 1148 1549 Vide
1172 1507 1278 1564 quoque
1300 1489 1451 1561 Georgium

335 1585 519 1656 Pachymerem
533 1585 557 1638 in
571 1583 718 1638 Andronico
733 1585 879 1653 Palaeeloge
894 1584 918 1647 1,
935 1586 979 1638 25.
992 1586 1035 1640 26.
1055 1587 1081 1646 4,
1094 1587 1121 1640 3.
1143 1583 1257 1638 Eandem
1273 1582 1412 1652 attigimus
1426 1580 1453 1632 in

336 1673 503 1730 Constantino
517 1674 744 1746 Porphyrogcnito
758 1675 791 1729 de
804 1675 969 1738 thematibus,
983 1676 1102 1746 prolegg.
1117 1695 1143 1748 p.
1156 1674 1266 1728 dxliv.

289 1763 317 1837 ⁸)
337 1765 446 1833 Almyrs'
458 1767 515 1828 LP.,
534 1767 604 1837 quod
622 1766 778 1837 eligendum.
792 1797 826 1806 -
846 1766 977 1836 Duplicem
997 1767 1201 1840 Halmyrum.
1218 1764 1365 1818 Thessaliae
1386 1763 1455 1818 ciri·

334 1859 417 1910 tatem
435 1856 520 1911 medio
538 1873 592 1910 aeve
607 1873 732 1928 perquam
746 1856 869 1917 nubilem,
889 1856 1053 1910 Innocentius
1067 1874 1172 1928 quoque
1186 1857 1220 1910 lll
1233 1856 1303 1927 Papa
1316 1856 1456 1909 Romanus

337 1947 457 2017 agnoscit
476 1947 554 2019 epist.
571 1947 637 2000 libro
655 1946 699 2008 13,
718 1947 767 2000 34:
793 1947 945 2010 Vissenom,
967 1947 1163 2002 Dimitra'otom
1176 1987 1183 2002 .
1196 1985 1204 2002 .
1218 1987 1225 2002 .
1239 1945 1295 2000 duo
1313 1945 1458 2000 Almam

336 2039 368 2115 (l.
382 2039 417 2092 Al
427 2057 450 2092 m
460 2039 566 2111 pres).
586 2037 678 2090 Leonis
689 2036 822 2108 Sapientis
835 2037 914 2090 Index
924 2038 1083 2110 episcopalis
1093 2037 1150 2108 ejus
1160 2039 1312 2110 episcopum
1327 2037 1456 2090 Larissaci

337 2130 511 2200 metropolite
527 2130 719 2198 suffraganeum
733 2127 804 2192 dicit.
824 2127 861 2179 De
875 2145 914 2189 ea,
927 2128 949 2181 si
962 2129 1071 2184 Grecos
1085 2133 1198 2201 spectas,
1216 2129 1355 2184 rideantur
1367 2127 1458 2181 Nice-

337 2221 421 2274 tasin
440 2221 509 2276 Urbe
530 2223 609 2290 capto
627 2237 653 2290 p.
667 2219 731 2280 808,
750 2217 886 2272 eddone.
916 2219 1045 2289 Georgius
1064 2221 1236 2293 Pachymeres
1255 2220 1280 2274 in
1298 2219 1459 2274 Andronico

339 2311 485 2381 Palaeolego
503 2311 528 2375 7,
548 2311 591 2366 16.
614 2309 776 2382 Eplrrusmius
796 2309 821 2362 in
835 2307 980 2364 Caesaribus
993 2329 1016 2365 v.
1031 2311 1100 2366 1324
1113 2311 1163 2384 (ad
1176 2329 1270 2366 annum
1284 2311 1391 2382 1204),
1414 2309 1460 2364 uhi

336 2401 479 2456 Bonnensis
504 2401 583 2456 editio
613 2399 745 2474 Ἃλμορόν
765 2399 874 2472 insipide
900 2400 986 2454 reddit
1010 2401 1093 2456 salsi
1118 2403 1207 2456 airis
1230 2403 1346 2457 locum.
1379 2403 1460 2456 Lati-

336 2509 426 2546 norum
449 2495 514 2546 cett.
536 2491 613 2546 medii
636 2492 682 2545 aevi
705 2493 737 2545 de
760 2493 882 2566 Halmyro
906 2491 1054 2546 testimonia
1074 2492 1193 2548 dedimus
1215 2494 1241 2547 in
1259 2493 1459 2548 Thessalonica
1548 2528 1552 2539 ·

356 2601 368 2635 a
390 2582 488 2636 ,4958
511 2622 517 2636 .

291 2669 319 2745 ⁸)
337 2599 533 2728 ¹lirgehemaictrlm
549 2692 610 2728 mss.
636 2673 827 2746 descripsimus
847 2673 1060 2730 Grchenicon
1074 2692 1094 2728 s.
1109 2673 1329 2730 Crebeaicon.
1356 2674 1463 2728 Forma

338 2767 380 2817 est
393 2782 452 2834 gen.
465 2765 582 2836 pluralis.
601 2765 717 2818 Eundem
730 2765 872 2819 Thessaliae
892 2766 988 2826 locum,
1006 2783 1090 2838 prope
1110 2765 1252 2828 Larissam,
1270 2770 1301 2820 ut
1317 2769 1462 2837 putamus,

339 2854 418 2908 Annae
432 2853 569 2909 Comuenae
587 2855 660 2908 locus
678 2858 818 2928 corruptus
842 2873 985 2910 memorare
1004 2857 1107 2912 videtur
1125 2857 1191 2912 libro
1212 2860 1237 2918 ὅ,
1256 2857 1272 2910 5
1292 2855 1352 2928 (ed.
1369 2856 1461 2910 Bonn.
1553 2925 1554 2930 Ἰ

227 2951 230 2960 ’
338 2943 369 2999 T.
383 2945 406 3008 l,
423 2963 483 3016 pag.
503 2946 585 3018 249):
605 2947 659 3009 Τὴν
681 2951 727 2998 τοῦ
748 2945 919 3017 Λιβοτανίνου
940 2946 1147 3020 (Διποτοίμονί)
1169 2947 1324 3020 κλεισούραν
1344 2949 1391 3001 καὶ
1413 2950 1462 3000 τὸν

342 3033 494 3108 Ῥεβενικόν.
518 3036 567 3090 Ubi
590 3036 730 3107 legendum
755 3035 914 3111 Γρεβενικόν.
945 3038 1088 3110 Spectatur
1112 3043 1198 3094 autem
1220 3039 1317 3092 bellom
1340 3039 1462 3094 Graeco-

339 3127 537 3182 Normannicum
550 3127 600 3180 fine
614 3129 695 3181 seculi
708 3127 748 3182 xl.

293 3215 321 3290 ⁵)
340 3217 477 3272 Feraolon
495 3236 566 3280 mss,
587 3231 634 3290 pro
654 3219 827 3284 Farsalon3
847 3237 1003 3292 quamquam
1015 3219 1093 3274 hodie
1105 3203 1198 3274 Turcis
1212 3220 1285 3274 audit
1301 3219 1462 3274 Tersala.

341 3313 392 3366 Pro
406 3311 532 3383 singulari
551 3310 733 3364 Pharsalus
751 3309 862 3363 medium
881 3327 962 3363 aevum
981 3310 1064 3379 elegit
1083 3311 1261 3375 Pharsalo,
1273 3311 1344 3381 plur.
1359 3310 1465 3364 Leonis

343 3402 475 3474 Sapientis
488 3402 567 3456 ludex
583 3399 755 3472 episcopalis:
775 3403 821 3468 Τῷ
835 3401 971 3472 Λαρίσσης
985 3399 1173 3472 (metropolitae
1186 3401 1313 3472 subsunt)
1332 3400 1347 3452 ὁ
1362 3405 1463 3470 Δημη-

340 3491 453 3565 spretos,
473 3492 486 3544 ὁ
505 3491 665 3566 thespesium,
686 3489 699 3542 ὁ
719 3493 913 3559 nupsissent.
939 3489 1073 3544 cedrenus
1093 3491 1132 3544 cd.
1153 3492 1233 3546 Bonn.
1247 3493 1279 3547 Τ.
1293 3491 1323 3554 ΙΙ,
1344 3511 1372 3563 p.
1387 3493 1463 3548 450:

343 3586 379 3636 Tri
393 3590 439 3646 τῆς
457 3583 612 3656 depositas
626 3579 714 3634 πεδίον
728 3579 771 3634 καί
789 3583 832 3633 τὸν
850 3579 992 3634 Ἀπιδανὸν
1005 3583 1132 3650 ποταμόν.
1154 3582 1284 3654 Georgius
1298 3583 1466 3653 Acropolita

342 3692 401 3746 cap.
416 3676 464 3730 38:
485 3673 635 3746 aspasius
657 3673 699 3725 καὶ
717 3673 854 3744 Λαρίσσης
872 3671 915 3725 καί
936 3673 1122 3742 Ηλασαμῶνος.
1142 3673 1217 3739 Quod
1231 3674 1330 3744 repetit
1344 3675 1466 3744 Ephrae·

342 3765 407 3818 mius
416 3766 442 3818 in
453 3765 563 3819 Caesarr.
574 3787 598 3816 v.
608 3763 687 3817 8363.
706 3761 834 3817 leonicus
844 3763 1066 3835 Cholcoeondylss
1076 3763 1142 3818 libro
1153 3764 1175 3816 ll
1187 3763 1246 3835 (ed.
1257 3765 1338 3817 Bonn.
1349 3784 1376 3836 p.
1388 3765 1464 3837 67):

344 3855 486 3909 Gemellas
505 3859 551 3918 τήν
570 3873 595 3906 τε
614 3853 746 3922 Δομακίην
766 3851 834 3924 (sic)
853 3855 896 3905 καὶ
910 3851 942 3915 δὴ
956 3857 999 3908 καὶ
1013 3855 1165 3926 nepesina
1183 3847 1268 3907 smil.
1291 3854 1466 3910 Scholiastes

343 3963 447 4017 quoque
459 3945 582 4015 Aeschyli
595 3945 667 3997 l‘srs.
682 3943 734 3997 tue
748 3943 840 4014 plurali
853 3943 943 4007 ulitur,
957 3945 1028 3998 velut
1040 3945 1083 3998 diu
1098 3949 1158 3999 onte
1171 3945 1268 3999 Strabo
1282 3947 1308 4008 9,
1318 3947 1373 4001 uc
1388 3945 1465 4018 (τῶν

344 4037 494 4109 depassus
505 4035 607 4107 cippati,
621 4039 667 4096 τῆς
679 4053 705 4086 τε
718 4033 833 4094 παλαιᾶς
845 4036 888 4087 καὶ
901 4039 947 4096 τῆς
960 4034 1045 4108 νέας).
1059 4035 1167 4106 Reliqua
1179 4035 1323 4108 antiquitas
1336 4037 1465 4108 singula-

342 4143 396 4182 rem
408 4129 480 4180 vocis
492 4125 585 4180 tenuit.

296 4215 325 4289 ⁰)
344 4217 469 4272 Domicii
481 4217 547 4281 LA.;
566 4217 687 4272 Domocu
702 4215 793 4269 melius
807 4215 854 4268 LP.
874 4215 922 4268 Est
934 4215 1062 4286 genitivus
1077 4219 1204 4285 Δομοκοῦ.
1224 4217 1299 4272 Unde
1312 4217 1465 4290 legendum

343 4307 495 4362 Domoeu.
519 4308 558 4362 De
577 4325 607 4361 ea
626 4307 682 4360 vide
702 4305 795 4360 Leonis
814 4305 874 4377 Sap.
891 4305 1005 4361 ludieem
1018 4307 1094 4362 modo
1108 4309 1225 4374 citatum,
1246 4309 1307 4362 coll.
1322 4308 1468 4380 Symbolis

345 4397 416 4452 critt.
442 4395 584 4453 Comment.
608 4398 627 4460 l,
652 4413 678 4467 p.
703 4397 740 4450 70
764 4401 819 4470 (ον.
840 4395 899 4468 le).
931 4397 978 4451 Est
1000 4401 1117 4455 veterum
1138 4399 1364 4464 Thaumacos,
1387 4400 1469 4456 unde

343 4489 472 4544 Laenicus
491 4487 715 4562 Chalcocondylas
740 4488 816 4543 modo
838 4487 935 4543 citatus
958 4488 997 4562 (si
1019 4489 1099 4546 lectio
1123 4489 1202 4564 sana)
1225 4509 1300 4548 suum
1321 4494 1469 4562 Δομουιίην

345 4582 453 4638 elliuxit.
