3130 5078
230 376 426 432 Courrnunrro
439 376 595 432 Faunorum
611 391 824 432 rusurroronuu
840 394 892 432 nnn
906 378 1042 433 Manrnnu
1059 377 1148 432 Gnun.
1201 365 1278 440 559

188 549 223 618 ln
249 549 378 620 nomine
403 548 522 620 domini
551 548 655 620 nostri
673 547 775 620 lhesu
794 547 925 619 Christi.
955 547 1050 621 Anno
1069 549 1188 620 domini
1208 549 1280 618 mil-

97 675 210 746 lesimo
229 675 453 748 ducentesimo
473 677 597 768 quinto,
624 674 769 746 secundo
789 674 840 744 die
860 681 1008 756 exeunte,
1039 699 1150 746 mense
1168 675 1278 758 lunio,

95 803 128 873 in
147 803 323 874 festivitate
349 809 536 874 sanctorum
560 800 784 894 apostolorum
810 802 897 872 Petri
918 810 953 874 et
969 802 1078 887 Pauli,
1104 802 1280 874 indictione
1409 899 1414 912 .

97 937 225 1000 nemra.
256 929 515 999 Cousraurmorom.

185 1055 446 1148 Dignumatqne
471 1056 668 1126 conueniens
695 1079 769 1126 esse
797 1055 1015 1148 dignoscitur,
1042 1062 1075 1124 et
1100 1077 1119 1126 a
1144 1055 1280 1126 rationis

95 1181 226 1254 tramite
251 1205 317 1254 non
342 1173 499 1270 deviat¹),
528 1181 635 1276 quod,
667 1183 860 1276 quicumque
888 1183 1085 1275 potestative
1109 1189 1174 1252 tam
1200 1181 1281 1274 [in]

95 1307 254 1402 lmperio,
279 1331 373 1401 quarn
392 1308 522 1378 civitate
540 1307 590 1379 vel
610 1315 721 1380 castro
741 1309 940 1380 constitutus
958 1309 1073 1391 fuerit,
1094 1309 1279 1380 omnimodo

95 1435 214 1506 debeat
233 1439 447 1528 pertractare,
468 1435 555 1530 quod
574 1437 615 1506 de
634 1435 899 1530 augmentatione
918 1436 1017 1506 luerit
1034 1435 1111 1520 loci,
1138 1437 1188 1506 cui
1208 1436 1279 1529 ipse

95 1561 253 1633 dominari
272 1560 487 1658 dignoscitur.

183 1685 287 1780 lgitur
304 1707 366 1756 nos
385 1685 526 1758 Marinus
541 1687 646 1770 Goon,
666 1691 726 1760 Dei
744 1691 851 1782 mutia
865 1687 1066 1759 Venetorum
1079 1689 1231 1760 Potestas
1245 1689 1278 1758 in

93 1812 248 1884 Romania
261 1810 472 1906 ejusdemque
489 1813 617 1907 imperii
628 1823 744 1909 quarte
753 1816 854 1909 partis
867 1823 901 1887 et
910 1809 1277 1906 dimidiedominator²),

91 1962 249 2010 unacum
263 1937 428 2030 judicibus
443 1945 478 2009 et
491 1941 691 2032 sapientibus
710 1942 835 2013 consilii
856 1947 890 2012 et
911 1933 1146 2030 conlaudatu³)
1168 1939 1278 2034 populi

91 2065 227 2136 Venetia
247 2064 339 2135 etde
358 2063 427 2134 aliis
446 2066 613 2158 gentibus,
632 2069 719 2162 quod
739 2093 799 2140 nos
814 2067 961 2138 dedimus
980 2065 1020 2136 de
1040 2065 1162 2137 nostris
1182 2065 1276 2136 bonis

92 2192 125 2262 in
135 2181 265 2280 leodo⁴)
277 2197 310 2261 et
320 2191 502 2286 recepimus
512 2194 544 2262 in
555 2196 687 2268 servitio
700 2194 820 2266 domini
834 2195 946 2276 Ducis,
962 2192 1079 2264 etenim
1091 2191 1276 2276 Veneti,—

92 2322 355 2411 pertractantes,
393 2318 480 2412 quod
513 2320 554 2390 de
592 2321 812 2414 magnitudine
845 2321 945 2392 suerit
977 2325 1011 2390 et
1047 2319 1172 2390 honore
1209 2325 1274 2388 tam

90 2444 251 2528 Venccie,
270 2466 365 2538 quam
384 2452 499 2515 nostre
518 2447 619 2538 partis
640 2449 812 2531 Romanis,
838 2452 1022 2518 statuentes
1041 2446 1210 2516 statuimus
1231 2444 1272 2514 de

89 2569 365 2664 possessionibus,
394 2595 474 2665 quas
502 2571 656 2644 habemus
674 2573 755 2666 [in]
780 2573 918 2666 lmperio
949 2573 1123 2655 Romania,
1152 2572 1274 2642 tamin

91 2697 394 2790 Constantinopoli,
424 2723 516 2792 quarn
541 2707 633 2770 extra
651 2699 983 2794 Constantinopolim:
1013 2699 1053 2770 de
1079 2697 1159 2782 hiis,
1186 2697 1274 2791 quod

92 2823 203 2894 datum
228 2823 382 2894 habemus
402 2824 451 2894 vel
471 2825 637 2909 darentur,
664 2826 769 2899 nullus
792 2825 890 2898 homo
916 2807 1034 2896 audeat
1059 2825 1273 2908 alienandum,

93 2950 155 3021 nisi
166 2949 333 3021 Venetico.
353 2950 396 3021 Et
411 2951 643 3046 qualiscunque
656 2976 800 3048 persona
814 2963 929 3025 contra
944 2951 1028 3024 hanc
1039 2951 1273 3024 ordinationem

90 3077 141 3146 ire
156 3079 408 3170 presumpserit,
428 3077 497 3162 ille,
518 3079 571 3174 qui
592 3080 776 3174 acceperit,
796 3079 894 3152 nichil
912 3081 942 3150 ei
961 3076 1068 3152 valere
1087 3078 1221 3162 debeat;
1241 3086 1275 3149 et

90 3203 156 3288 ille,
171 3205 224 3297 qui
239 3203 377 3287 dederit,
398 3205 573 3276 emendare
587 3205 706 3278 debeat
719 3213 835 3278 nostro
850 3206 977 3278 comuni
993 3229 1106 3276 aurum
1119 3204 1272 3275 librarum

90 3331 243 3424 quinque.
268 3330 313 3401 Et
330 3330 392 3402 hec
407 3329 667 3404 conlaudationis
682 3339 772 3404 carta
786 3333 820 3403 in
833 3355 891 3404 sua
906 3331 1057 3403 firmitate
1072 3336 1272 3425 permaneat.

180 3456 276 3545 Quod
291 3480 357 3550 ego
376 3456 519 3530 Marinus
537 3459 643 3544 Genn,
663 3459 861 3532 Venetorum
882 3460 1034 3530 Potestas
1052 3458 1084 3528 in
1104 3457 1272 3538 Romania,

90 3605 200 3654 mmss.
750 3681 752 3686 ι

178 3709 207 3798 †
235 3709 309 3803 Ego
328 3710 458 3781 Marcus
477 3712 643 3782 Dandulus
658 3711 760 3803 judex
778 3735 887 3782 rnrnss.

178 3835 207 3925 †
234 3835 308 3929 Ego
328 3837 494 3907 lohannes
513 3831 657 3927 Uituri³)
672 3837 773 3928 judex
791 3861 900 3910 mmss.

179 3961 209 4051 †
238 3964 312 4055 Ego
331 3963 498 4036 lohannes
516 3963 674 4036 Barastro
690 3963 792 4055 judex
811 3989 919 4037 mmss.

177 4087 207 4178 †
233 4088 308 4182 Ego
328 4090 444 4161 Petrus
464 4090 578 4162 illichel
593 4090 695 4180 judex
714 4091 842 4161 comuni
850 4084 882 4182 ⁶)
902 4115 1011 4162 mmss.

110 4315 139 4386 ¹)
159 4314 277 4368 deviat
295 4315 359 4380 LP.;
377 4317 539 4370 deveniat
559 4318 610 4370 lad.
678 4322 681 4350 ἒ
795 4336 831 4372 co
851 4336 902 4372 mss

109 4403 139 4474 Ι)
159 4403 441 4460 dominatoriruss.

110 4494 140 4565 ⁸)
161 4495 382 4552 conlaudatus
412 4515 473 4549 mss.
514 4499 553 4549 rto
579 4514 651 4550 con·
677 4555 679 4572 .
728 4495 740 4530 ⁸
775 4515 874 4552 comm
