3130 5078
414 347 508 402 luuoc.
522 345 554 402 lll
568 362 660 402 aaran.
675 363 712 400 no
726 345 851 402 Tanusia
867 349 952 402 Para.
967 347 1012 402 Cr.
1226 333 1298 409 541

122 519 255 590 inferius
271 519 443 600 denotatis,
463 517 617 590 uidelicet
636 519 668 588 in
684 518 859 592 Natiuitate
874 521 1014 602 Domini,
1033 520 1210 590 festivitate
1224 543 1304 612 pro-

122 647 311 738 tomartyris
326 645 493 738 Stephani,
504 646 759 716 circumcisione
769 647 908 729 Domini,
923 641 1114 741 Epiphania,
1130 647 1303 740 Ypopanti,

121 772 289 843 [lominica
310 774 341 842 iu
360 773 459 842 ramis
479 771 677 856 Palmarum,
705 773 816 844 Coeno
841 775 978 856 domini,
1003 773 1148 844 Sabbata
1174 783 1303 856 sancto,

118 899 261 981 Pascha,
294 899 375 970 lenia
401 899 544 969 secunda
571 905 648 992 post
675 900 817 983 Pascha,
845 901 1064 984 Ascensione‚
1093 901 1302 984 Pentecoste,

118 1024 223 1096 tribus
250 1025 477 1096 festivitatibus
507 1025 622 1096 beatae
649 1025 785 1110 Mariae,
818 1027 926 1108 natali,
942 1027 1099 1098 lobannis
1124 1028 1302 1120 Baptistae,

119 1151 377 1224 solemnitatibus
397 1152 536 1222 omnium
555 1152 806 1245 Apostolorum,
832 1153 1141 1224 commemoratione
1160 1153 1302 1226 Sancto·

118 1301 191 1348 rum
212 1281 364 1361 omniurn,
389 1279 647 1350 dedicationibus
667 1280 899 1365 Ecclesiarum,
920 1281 1158 1374 Episcoporum
1177 1305 1298 1352 conse-

120 1405 334 1488 erationibus,
346 1406 607 1477 ordinationibus
618 1405 825 1491 clericorum,
835 1407 1064 1500 principalibus
1074 1407 1301 1479 festivitatibus

118 1531 339 1602 Ecclesiarum
349 1539 488 1614 tuarum,
500 1539 534 1602 et
548 1535 580 1602 in
594 1534 813 1604 anniversario
826 1534 1083 1606 consecrationis
1097 1542 1173 1606 tuae
1189 1535 1252 1618 die,
1268 1543 1302 1606 et

118 1665 183 1728 tam
194 1658 416 1752 Imperatoris,
429 1682 524 1751 quarn
536 1659 671 1730 aliorum
682 1667 866 1754 magnatum
878 1667 912 1732 et
921 1661 1101 1753 principum
1112 1662 1297 1755 sepulturis.

207 1785 257 1856 Ad
282 1786 431 1856 indicium
452 1787 693 1878 etiamgratiae
719 1787 874 1880 plenioris
894 1789 1090 1858 auctoritate
1116 1788 1173 1860 tihi
1200 1811 1299 1880 prae·

116 1912 256 1982 sentium
276 1911 490 2004 indulgemus,
517 1921 554 1982 ut
575 1912 848 2007 Archiepisoopis,
873 1915 1087 2007 suffraganeis
1105 1915 1181 1996 tuis,
1207 1937 1298 1984 usum

116 2037 202 2130 pallii
227 2039 408 2131 praesentis
433 2039 652 2132 indulgentiae
678 2041 874 2112 auctoritate
899 2041 1081 2124 concedas,
1108 2041 1148 2110 ab
1169 2042 1215 2110 eis
1235 2065 1296 2134 pro

113 2171 161 2246 tc,
181 2166 267 2258 quod
288 2167 479 2236 canonicum
498 2166 606 2246 luerit,
627 2189 687 2259 pro
708 2166 802 2238 nobis
821 2175 928 2238 autem
943 2174 977 2238 et
991 2166 1141 2238 Ecclesia
1156 2167 1299 2238 Romana

114 2293 323 2385 sponsionem
350 2293 553 2365 obedieutiae
583 2300 786 2386 recepturus.
833 2295 936 2364 Porro
971 2317 1122 2376 crucem,
1149 2293 1301 2364 videlicet

113 2418 264 2488 uexillum
283 2421 491 2500 dominicum,
517 2441 577 2511 per
596 2441 829 2512 quemcumque
855 2421 962 2492 locum
980 2428 1013 2492 te
1031 2420 1172 2492 banaiae
1191 2422 1299 2491 conti-

112 2545 217 2637 gerit,
242 2553 379 2638 ercepta
405 2547 486 2616 urbe
513 2539 658 2616 Romana
684 2553 717 2616 et
741 2547 833 2629 loco,
859 2549 891 2618 in
917 2571 981 2640 quo
1007 2547 1105 2618 luerit
1130 2547 1293 2618 Romanus

113 2671 278 2756 Antiates,
305 2679 381 2744 aute
407 2679 441 2743 te
467 2673 634 2744 deferendi
658 2673 852 2744 fraternitati
872 2680 947 2746 tuae
966 2673 1128 2744 licentiam
1149 2675 1295 2768 imperti·

111 2821 198 2878 mur,
233 2804 267 2869 et
293 2797 324 2868 iu
352 2799 619 2892 processionibus
648 2801 712 2869 tuis
740 2800 797 2872 tibi
827 2801 1036 2870 concedimus
1064 2823 1156 2870 usum
1190 2803 1294 2883 uacci,

110 2926 276 3018 praesenti
310 2928 435 3019 scripto
468 2925 672 2997 nihilominus
704 2932 903 3008 statuentes,
944 2933 980 2996 ut
1011 2927 1150 2997 uniuersi
1183 2927 1294 3000 clerici

110 3053 331 3144 cuiuscunque
352 3053 491 3123 nationis
510 3059 544 3122 et
563 3053 683 3144 gentis,
704 3053 735 3122 in
755 3053 884 3124 civitate
904 3061 938 3124 et
957 3054 1080 3125 diocesi
1101 3054 1292 3124 Constanti-

109 3177 298 3271 nopolitano
316 3178 482 3250 Ecclesiae
508 3179 557 3248 vel
584 3178 805 3250 ecclesiastica
825 3179 981 3250 beneficia
1002 3180 1205 3264 obtinentes,
1231 3182 1289 3252 tibi

109 3312 144 3374 ct
157 3303 326 3376 Ecclesiae
340 3305 719 3398 Constantinopolitanae
738 3307 951 3376 reverentiam
970 3307 1110 3376 debitam
1130 3315 1164 3378 et
1182 3307 1289 3378 hono·

107 3453 177 3500 rem
204 3432 357 3503 devotum
386 3431 573 3515 exhibeant,
607 3431 694 3502 salva
722 3433 754 3500 in
782 3433 929 3502 omnibus
965 3434 1163 3504 auctoritate
1192 3434 1288 3505 Sedis

106 3559 309 3652 apostolicae
331 3551 523 3629 reverentia
542 3565 576 3629 et
601 3559 739 3630 bonore.
768 3557 853 3628 Nulli
873 3583 955 3653 ergo
976 3566 1040 3630 etc.
1068 3560 1194 3654 Siquis
1220 3571 1285 3632 etc.

198 3685 316 3762 Datum
341 3687 460 3767 Roma,
487 3685 572 3778 apud
592 3691 739 3756 sanetum
758 3686 907 3768 Petrum,
934 3686 976 3756 lll
1001 3686 1135 3756 Kalend.
1157 3688 1287 3780 Aprilis,
1353 3683 1354 3688 ’

107 3834 193 3882 anuo
213 3819 344 3884 octauo.

608 3940 784 4012 CXXXVll.

177 4063 364 4128 lanoccntlus
381 4063 422 4126 lll
439 4063 531 4128 eldam
547 4063 669 4142 Phene,
693 4065 869 4128 latrlarehc
886 4065 1219 4147 Constantinopolitano.

106 4179 257 4244 Concedit
273 4181 458 4262 facultatem
474 4181 659 4244 absoluendi
672 4203 693 4244 a
709 4182 850 4246 censoris
866 4181 902 4245 od
914 4183 1152 4268 percussionem
1168 4183 1285 4251 elerici.

266 4296 297 4354 et
312 4289 486 4376 iaaapeadi
501 4289 725 4375 Imperatorem
742 4291 1129 4377 Constantinopolitaaam.

481 4397 512 4449 A.
526 4396 552 4448 d.
566 4397 645 4456 1205,
658 4396 700 4449 dia
714 4397 756 4451 30.
772 4415 805 4450 m.
818 4397 910 4451 blartii.

195 4496 319 4558 lunoc.
349 4497 386 4558 lll
414 4498 501 4580 epist.
532 4499 583 4560 lih.
608 4498 686 4566 Vlll.
715 4520 762 4581 cp.
785 4498 836 4562 XX
867 4499 914 4562 ed.
940 4499 1161 4582 brequigny
1188 4503 1221 4561 Τ.
1248 4501 1283 4576 ll,

102 4627 172 4687 pag.
193 4607 266 4668 666.
