3148 5080
168 369 332 425 Dssffl'l'tffl
347 367 527 424 eronuu
539 381 576 420 D!
591 379 761 420 maneamne
775 362 991 419 Sententiam
1004 374 1179 416 Commio.
1236 347 1286 420 2⁷

83 561 155 611 non
182 546 218 611 et
244 539 389 621 Marino,
417 534 690 608 reverendissimo
711 532 908 605 Olirolensis
934 531 1093 604 eeclesiae
1117 529 1287 624 episeopo,

86 674 122 738 et
150 689 227 738 eum
254 666 389 761 reliquis
415 687 495 736 snae
522 664 711 759 provinciae
740 662 925 758 episeopis,
955 665 1084 732 astante
1112 659 1146 729 in
1174 680 1289 730 eorum

85 796 267 891 presentia
285 815 404 887 magna
422 796 517 887 parte
537 791 668 886 populi,
694 791 836 862 maiores
856 789 1023 873 videlieet,
1052 785 1237 858 medioeres
1257 793 1291 858 et

86 924 247 1004 minores,
273 925 434 1014 oeperunt
453 918 624 990 eonsilium
642 939 757 1010 agere,
777 915 918 1010 qualiter
936 915 987 986 rel
1006 913 1173 1009 quomodo
1192 913 1288 984 dein-

88 1071 169 1143 eeps
192 1049 276 1119 iram
294 1046 505 1140 imperatoris
529 1045 662 1138 plaeere
686 1044 891 1138 potuissent,
920 1047 955 1114 et
972 1041 1013 1112 nb
1032 1040 1095 1113 hee
1115 1041 1185 1112 eius
1205 1039 1289 1110 mnia

88 1174 332 1247 consuetudine
350 1171 509 1266 peceandi
529 1170 698 1242 recedunt.

179 1300 226 1372 Et
250 1301 324 1395 quia
351 1321 507 1392 magnum
535 1298 718 1370 certissime
747 1319 823 1368 esse
851 1301 1023 1391 peeeatrrnn
1049 1295 1190 1378 seimus,
1223 1294 1290 1366 tale

88 1427 287 1501 adiutorium
313 1448 464 1521 paganae
492 1427 584 1519 genti
611 1425 772 1520 prebere,
801 1447 885 1518 qnae
905 1445 978 1494 eum
998 1443 1038 1494 eo
1058 1421 1110 1493 vel
1130 1443 1289 1516 superare

88 1555 140 1625 rel
159 1575 286 1624 noeere
303 1551 432 1623 valeant
449 1551 673 1634 Christianos,
700 1557 778 1622 tune
808 1549 914 1620 divine
940 1547 1167 1620 miserioordia
1185 1548 1289 1641 inspi-

1 1761 2 1764 ,
88 1688 186 1753 rante
200 1701 317 1751 omnes
335 1681 459 1775 pariter
477 1679 747 1774 pertractavimus
766 1683 801 1749 et
814 1677 1087 1760 confirmavimus,
1107 1682 1207 1770 etque
1223 1673 1290 1746 hoe

87 1831 150 1904 per
177 1807 342 1878 sinendum
368 1807 595 1902 promissionis
618 1806 837 1900 promittimus
857 1827 930 1876 oum
950 1805 1072 1874 nostris
1091 1802 1289 1874 haeredibus

89 1935 204 2020 robis,
234 1934 368 2006 domino
389 1935 507 2017 Petro,
536 1933 789 2004 eminentissimo
809 1931 912 2014 buci,
941 1929 1073 2002 Seniori
1092 1935 1229 2012 nostro,
1258 1934 1292 2000 et

89 2063 212 2133 restris
230 2061 503 2144 suecessoribus,
530 2065 569 2130 ut
586 2082 606 2130 a
624 2059 722 2130 modo
742 2059 890 2130 inantea
917 2057 1025 2128 nuilus
1052 2057 1172 2128 audeat
1198 2077 1289 2126 arma

85 2191 120 2258 in
139 2189 384 2259 Saracenorum
402 2194 510 2258 terres
529 2185 571 2257 ad
589 2185 839 2258 venundandum
858 2185 909 2256 vei
928 2184 1114 2256 donandum
1133 2188 1284 2278 portare,

89 2321 148 2388 ant
166 2315 333 2408 lignamen
351 2314 394 2385 ad
413 2336 513 2386 nares
531 2313 733 2398 iaciendum,
762 2335 845 2408 quae
872 2311 914 2382 ad
940 2311 1148 2382 damnitatem
1172 2315 1288 2404 posset

90 2466 167 2514 esse
187 2441 312 2536 populo
324 2439 522 2522 Christiano,
536 2463 603 2512 non
622 2439 755 2521 loricas,
771 2462 838 2510 non
857 2439 1005 2532 clypeos,
1021 2459 1087 2507 non
1106 2441 1218 2531 spatas
1236 2437 1288 2509 vel

89 2571 238 2654 lanceas,
258 2591 366 2663 neque
383 2567 446 2639 alia
464 2589 565 2651 arma,
581 2590 655 2638 oum
674 2568 791 2662 quibus
810 2571 986 2661 pereutere
1004 2565 1134 2659 possint
1147 2563 1288 2636 Christi-

90 2719 186 2780 anos,
201 2696 263 2766 nisi
283 2701 408 2766 tuntum
427 2699 561 2798 portent
579 2717 770 2777 armanum
788 2693 904 2786 quihus
919 2715 957 2762 se
970 2689 1148 2762 defendere
1162 2689 1291 2784 possint

90 2823 132 2893 ab
158 2821 316 2904 inimicis,
347 2826 381 2890 et
409 2821 463 2891 illa
489 2819 577 2892 nullo
606 2819 704 2890 modo
731 2819 874 2890 vendere
897 2817 1048 2890 barbaris
1070 2839 1132 2888 neo
1151 2817 1288 2888 donare.

182 2948 234 3019 De
247 2947 425 3040 lignamine
443 2952 551 3018 autem
569 2947 797 3040 permittimus,
817 2951 854 3017 ut
872 2949 1008 3040 portare
1025 2965 1093 3014 non
1113 2944 1289 3016 debeamus

90 3075 211 3158 omos,
229 3073 532 3166 astres(ooaeree)‚
544 3073 701 3168 spatulas,
717 3096 878 3158 remores,
889 3080 993 3158 astas,
1011 3097 1073 3144 neo
1083 3073 1171 3144 aliud
1179 3071 1289 3166 ligne·

89 3226 176 3287 men,
192 3201 284 3296 quod
298 3201 340 3272 ad
353 3206 585 3272 nocumentum
600 3202 643 3271 sit
653 3201 858 3284 Christianis,
874 3201 1070 3273 nisitantum
1080 3207 1218 3294 portare
1230 3201 1291 3270 de·

90 3333 230 3401 beamus
240 3328 388 3400 insublos
399 3327 441 3398 de
450 3328 589 3413 fraxino,
597 3329 651 3424 qui
662 3335 738 3400 sunt
747 3328 838 3422 longi
849 3329 951 3423 pedes
960 3327 1104 3423 quinque
1116 3334 1149 3398 et
1158 3329 1216 3398 leti
1226 3351 1291 3400 uno

90 3461 237 3529 misse
255 3462 393 3538 tentum,
422 3479 489 3527 non
508 3457 656 3550 amplius,
684 3464 718 3528 et
737 3455 893 3540 eonohes,
914 3455 1043 3526 eatinus
1064 3461 1097 3526 et
1116 3477 1234 3549 napos,
1255 3461 1290 3526 et

91 3605 185 3654 asses
207 3582 251 3652 de
270 3582 383 3652 albero
402 3583 550 3653 similiter
573 3581 693 3675 longos
712 3583 815 3677 pedes
835 3583 978 3676 quinque
997 3587 1032 3652 et
1050 3585 1202 3652 sommare.

183 3709 230 3779 Et
245 3708 287 3778 de
302 3707 398 3778 nullis
413 3707 508 3792 loeis,
528 3715 700 3803 postspram
711 3707 753 3779 do
768 3714 867 3802 portu
882 3715 992 3780 vestro
1007 3705 1167 3778 Venetiae
1181 3707 1287 3778 erini-

92 3860 176 3922 nms,
187 3836 354 3928 lignamen
365 3857 496 3906 sumere
510 3857 577 3906 non
587 3834 774 3920 debeamus,
784 3836 1105 3931 quodndutilitatem
1114 3836 1205 3908 neus
1216 3859 1291 3908 esse

93 3965 214 4058 possit,
225 3985 310 4056 quae
320 3961 507 4032 venundare
516 3961 665 4034 barbaris
675 3961 838 4034 valeamus
849 3985 910 4056 per
922 3961 1061 4057 aliquam
1071 3961 1291 4034 oooasionem.

185 4087 315 4176 Quodsi
341 4089 406 4159 ullo
431 4094 582 4183 tempore
610 4094 726 4160 eontra
745 4093 954 4182 praesentem
972 4089 1225 4183 promissionem
1243 4090 1293 4161 ire

1 4224 2 4228 ’
91 4215 347 4299 tentaverimus,
376 4221 411 4286 et
438 4238 528 4286 erma
556 4217 607 4287 rel
634 4216 799 4310 lignamen
830 4219 862 4287 in
892 4215 1135 4288 Saracenorum
1166 4221 1292 4288 terram

92 4349 229 4438 portare
247 4343 564 4436 praesumpserimus
578 4343 685 4428 aliter,
705 4344 766 4414 uisi
784 4351 921 4429 tantum,
942 4345 1028 4416 sieut
1045 4367 1146 4440 supra
1166 4344 1290 4416 dietum

94 4477 155 4554 est,
175 4470 233 4564 qui
252 4468 319 4541 hoo
337 4470 449 4542 faeere
467 4471 725 4566 praesumpserit
744 4477 779 4542 et
796 4471 896 4542 inerit
916 4472 1004 4544 clare
1024 4472 1166 4556 iactum,
1199 4495 1293 4544 eom·

94 4603 195 4689 ponat
209 4596 318 4681 vobis,
338 4595 470 4667 domino
487 4597 586 4668 Petro
601 4598 696 4682 Duei,
717 4597 846 4670 Seniori
862 4604 978 4670 nostro
994 4605 1028 4670 et
1042 4597 1293 4672 suecessoribus
