3130 5082
292 357 367 428 136
688 383 815 423 uernans
829 369 938 425 Bernrn
953 385 1087 426 nonsrrc.

242 535 247 542 '
287 531 481 596 hlorcsini
509 533 645 614 assignat
671 531 762 612 (dell’
785 533 911 598 historia
936 533 967 599 di
992 535 1066 599 Ven.
1090 538 1109 600 l.
1136 535 1169 614 V,
1194 557 1223 621 p.
1243 535 1308 602 112
1334 539 1384 602 ed.
1403 537 1476 604 Van.
1554 509 1556 516 .

291 640 414 727 1637);
434 641 585 714 „escendo
600 647 700 706 morto
715 642 871 729 Boggicri
884 643 931 707 lid
946 643 983 708 dr·
996 643 1131 710 Sicilia.
1150 693 1157 708 .
1176 692 1183 708 .
1200 646 1419 734 succedutopli
1431 649 1483 712 nel
1554 667 1556 716 t

288 751 397 837 Regno
416 749 443 813 il
459 747 601 836 ‘tytionis
619 749 805 836 Gupliclmo,
823 751 1036 817 introdottunc
1052 754 1239 820 trcttctionc
1259 755 1290 818 ei
1304 757 1482 820 conclusos

289 858 319 922 ei
338 858 445 923 stabili
464 878 558 945 poce.
583 878 601 920 e
625 859 881 942 confederatione
902 861 1059 932 eticedio,
1082 863 1134 927 col
1154 882 1258 926 mcccc
1279 863 1367 928 dello
1391 865 1483 950 posu

289 975 451 1032 ottccncro
474 967 499 1030 li
518 965 677 1030 Mercanti
702 965 862 1030 Venetiuni
881 965 930 1030 nc'
945 967 1017 1032 sosoi
1039 969 1133 1058 regni
1158 971 1254 1034 molta
1278 970 1484 1036 immunitdc

286 1074 472 1164 pricilepi“.

380 1183 472 1246 Hisce
485 1181 671 1264 temporibus
685 1181 775 1246 etiarn
788 1181 959 1246 dannenses
969 1183 999 1245 in
1009 1183 1142 1248 savorem
1155 1183 1373 1249 Panormitanae
1390 1185 1483 1250 curiae

290 1311 360 1357 sese
384 1291 570 1354 insinuantes
594 1287 682 1373 plura
704 1297 886 1374 receperunt
902 1290 1071 1374 privilegia.
1097 1291 1212 1356 Certo
1229 1293 1385 1374 Pagano
1402 1293 1483 1357 delle

289 1402 452 1484 impresse
465 1396 515 1462 del
528 1397 660 1464 dominio
673 1399 723 1462 dei
736 1397 889 1464 Generosi
905 1399 982 1464 nella
996 1400 1116 1472 Grecis.
1133 1399 1341 1466 illustratione
1353 1401 1485 1466 decima·

291 1506 422 1574 seconde
440 1527 469 1592 p.
490 1505 564 1580 186,
586 1505 659 1572 187.

841 1655 939 1728 nvn.

291 1798 406 1863 llstslls
427 1797 532 1862 letsrl
554 1797 647 1862 least
669 1797 822 1861 Ecclesiae
842 1801 873 1862 et
896 1797 988 1860 lrlerl
1011 1797 1040 1861 S.
1063 1797 1181 1879 tlesrgtl
1204 1799 1241 1864 ds
1262 1799 1376 1862 trnlre
1397 1817 1486 1862 ιιιι

649 1905 817 1970 sclltclu
833 1922 852 1967 ι
868 1924 901 1970 sa
917 1909 1127 1970 constructa.

728 2045 758 2100 n.
773 2044 800 2100 d.
815 2044 895 2109 tlte,
908 2061 942 2098 ιιι.
955 2043 1059 2100 hiartio.

383 2174 593 2240 Flaminius
620 2170 844 2247 Cornelius,
876 2172 1037 2239 Ecclesiae
1065 2173 1200 2238 Venetae
1227 2175 1348 2260 antiqua
1380 2193 1488 2238 monn·

293 2291 402 2359 manta,
420 2281 545 2348 decadis
561 2281 599 2346 x1
615 2285 700 2366 parte
716 2283 898 2366 posteriore,
915 2303 985 2366 pag.
1004 2281 1070 2348 227
1088 2302 1134 2367 sq.

384 2393 429 2458 lix
446 2389 634 2474 autographo
651 2390 682 2452 in
697 2392 880 2454 monasterio
898 2411 923 2454 s.
942 2389 1068 2473 Georgii
1084 2391 1205 2456 maioris
1223 2389 1429 2456 Venetiarum.

386 2545 420 2613 ln
451 2540 583 2612 nomine
610 2539 730 2610 domini
760 2511 811 2610 dei
841 2545 876 2609 et
909 2537 1083 2611 salvatoris
1116 2541 1219 2612 nostri
1245 2541 1326 2612 lesu
1354 2539 1488 2613 Christi.

295 2671 390 2742 Anno
418 2667 505 2738 dom.
527 2665 696 2736 millesimo
724 2665 906 2736 centesimo
934 2667 1206 2760 quinquagesimo
1234 2674 1350 2750 sexto,
1377 2689 1491 2737 mense

296 2795 414 2878 Martii,
434 2793 612 2864 indictione
631 2797 759 2885 quarte,
780 2785 952 2883 Au1n0*).

387 2922 526 3015 Magnus
550 2917 743 2989 donacionis
770 2925 823 2990 est
841 2918 973 3000 titulus,
1003 2917 1058 2988 ubi
1077 2941 1174 2990 casnm
1197 2917 1361 3010 largitatis
1384 2915 1491 2990 nuhns

296 3047 475 3140 reperitur,
495 3044 555 3115 sed
574 3045 614 3114 nd
633 3045 872 3115 firmamentum
892 3045 1037 3116 muneris
1057 3045 1179 3116 suflicit
1197 3046 1322 3115 animus
1341 3045 1490 3137 largien-

297 3175 351 3244 tis.
383 3173 594 3266 Quapropter
614 3191 678 3263 ego
698 3169 828 3263 quidem
847 3169 969 3241 Natalis
988 3171 1123 3253 Betani‚
1149 3171 1190 3240 de
1210 3169 1353 3240 confinio
1374 3195 1401 3240 s.
1425 3169 1491 3239 lla-

297 3299 403 3382 caelis,
425 3320 499 3368 cnm
513 3299 593 3366 rneis
612 3295 802 3381 heredibus,
824 3295 911 3368 nullo
932 3298 1062 3390 penitus
1081 3305 1224 3389 cogente
1244 3303 1301 3366 aut
1320 3296 1492 3378 suadente,

299 3449 362 3497 nec
388 3425 448 3494 vim
478 3423 660 3507 inferente,
687 3423 747 3492 sed
767 3424 890 3515 optima
916 3429 950 3492 et
976 3428 1157 3516 spontanea
1178 3445 1249 3491 mec
1268 3422 1355 3491 hona
1375 3421 1493 3492 volun-

298 3559 384 3634 tate,
411 3557 446 3620 et
469 3573 531 3642 pro
559 3549 696 3620 maximo
725 3549 813 3620 bono
841 3555 876 3620 et
900 3549 1045 3620 remedie
1071 3548 1176 3618 anime
1205 3570 1294 3633 mee,
1323 3549 1354 3617 in
1382 3549 1435 3620 dci
1461 3555 1496 3622 et

299 3677 421 3748 Christi
441 3677 571 3746 nomine
591 3676 652 3758 do,
682 3675 790 3759 donn,
817 3675 985 3774 concedo,
1014 3681 1113 3768 atque
1132 3680 1301 3746 transacto
1322 3676 1364 3746 ad
1384 3676 1496 3748 eccle·

167 3885 175 3900 ι
299 3805 380 3873 siam
406 3802 459 3872 dei
488 3809 522 3870 et
549 3802 637 3872 beati
657 3801 793 3894 Georgii
821 3801 862 3870 de
891 3802 1115 3894 suprascripto
1145 3801 1297 3884 Armine,
1332 3801 1398 3872 hnc
1425 3810 1495 3872 eet:

298 3927 425 3998 fabrica
439 3949 501 3996 nna
522 3927 670 4019 petrincn
684 3933 855 4020 cooperta,
877 3947 971 4018 quarn
992 3947 1057 4018 ego
1076 3926 1141 3996 ieci
1161 3917 1404 4020 superterram
1424 3927 1497 3999 Elia

299 4053 420 4147 Piglari
440 4052 560 4135 Grecn,
588 4076 651 4144 que
666 4053 888 4146 suprascripta
906 4051 1032 4121 lubrica
1053 4059 1105 4122 est
1127 4052 1307 4142 conjuncte
1330 4053 1362 4122 in
1388 4055 1497 4146 capite

301 4179 415 4251 ordine
436 4231 444 4248 .
467 4231 476 4248 .
498 4231 506 4247 .
528 4186 562 4248 et
577 4201 739 4262 casarum,
760 4178 876 4271 quibus
896 4201 962 4272 ego
983 4178 1214 4260 mornbnr;—
1227 4179 1268 4248 de
1288 4202 1351 4272 qua
1370 4187 1443 4252 tota
1462 4187 1497 4250 et

302 4329 402 4400 super
430 4311 547 4374 cuncta
575 4307 702 4398 prefata
731 4305 856 4375 fabrice
884 4327 956 4374 cum
986 4328 1044 4374 sun
1073 4310 1268 4396 copertus,
1300 4312 1336 4375 tn
1365 4305 1497 4376 Marcus

305 4471 628 4484 .....-——-—-.

324 4551 353 4623 ⁹)
375 4551 524 4603 Armirus
538 4549 715 4622 (Ἂλμυρις),
730 4551 793 4604 urbs
806 4549 950 4604 Thessaliae
964 4548 1103 4604 maritime.
1122 4549 1196 4602 Nunc
1210 4547 1303 4602 Volo.
