3110 5080
463 358 654 414 innueramus
667 356 701 412 lll
714 356 822 413 Canon.
836 357 904 414 Tru.
1195 345 1272 420 425

89 523 309 609 inscriptione:
325 525 522 590 laecanius
538 523 588 589 lll
602 523 768 590 cononicis
786 525 975 609 iprensibus
989 523 1129 596 maurim.
1152 529 1187 588 ot
1201 524 1273 588 Ple·

88 635 208 699 locnum
235 634 348 700 Sancti
372 635 478 700 Marci
499 633 648 720 iprenses
675 641 749 700 onte
775 635 941 700 adventum
967 635 1155 722 Lepotomm
1181 632 1274 698 Sedis

89 743 296 832 Apostolicoc
310 745 477 809 molestare
492 743 526 806 ia
541 743 660 808 iuribus
677 742 915 809 Parocbiolibus
930 765 992 808 non
1007 744 1152 807 audeant

185 913 392 984 Innocentius
412 915 603 1010 episcopus,
627 937 743 986 seruus
762 937 934 986 seruorum
953 913 1023 996 dei,
1044 912 1170 983 dilectis
1188 909 1273 996 filiis,

87 1040 262 1110 canonicis
280 1040 492 1134 Tyreusibus,
512 1040 647 1112 salutem
666 1047 701 1110 et
719 1041 930 1135 apostolicam
948 1039 1218 1112 benedictionem.

185 1169 339 1260 Exposita
368 1169 462 1239 uobis
487 1168 596 1240 dilecti
620 1167 690 1252 lilii,
716 1167 848 1240 Plebaui
872 1167 1011 1240 ecclesie
1037 1165 1150 1238 Sancti
1174 1165 1273 1237 blanci

89 1293 263 1388 Tpreusis
293 1297 485 1388 conquestio
517 1295 684 1390 patefecit,
715 1293 815 1387 quod,
848 1318 922 1365 cum
954 1295 1023 1388 ipsa
1053 1291 1191 1364 ecclesia
1223 1292 1273 1362 ius

89 1418 283 1514 parochiale
310 1420 461 1492 babuerit
483 1421 661 1506 hacteuus,
691 1427 724 1493 et
751 1445 835 1492 nuuc
859 1420 979 1492 babeat
1001 1421 1033 1489 in
1057 1419 1161 1490 tercia
1179 1421 1273 1511 parte

89 1546 190 1640 Tyri,
216 1554 281 1618 tam
301 1549 332 1617 in
351 1547 520 1642 baptismo,
541 1571 635 1642 quam
654 1549 686 1618 in
705 1549 904 1642 penitentiis,
923 1546 1110 1641 sepulturis,
1131 1545 1273 1616 decima·

90 1674 250 1758 tionibus,
276 1675 505 1746 benedicendis
527 1675 730 1760 nubentibus,
750 1675 899 1746 tenendis
918 1674 1017 1746 scolis
1037 1679 1071 1745 et
1088 1671 1275 1744 mulieribus

91 1807 173 1894 post
181 1793 209 1891 ¹)
228 1809 356 1894 partum
375 1802 406 1872 iu
426 1801 598 1874 ecclesiam
617 1803 823 1887 inducendis,
850 1802 928 1874 licet
945 1800 1048 1874 felicis
1066 1798 1273 1871 recordatio-

90 1929 143 1997 uis
164 1927 313 1999 Clemens
332 1935 367 2000 et
385 1928 580 2015 Celestiuus,
599 1929 854 2025 predecessores
875 1928 989 2012 nostri,
1013 1927 1099 1999 boue
1119 1923 1273 1996 memorie

90 2055 232 2148 Tyrensi
250 2051 506 2150 drcbiepiscopo
527 2056 677 2128 dederint
701 2059 733 2126 in
752 2056 926 2138 mandatis,
952 2061 989 2126 ut
1007 2054 1143 2126 eandem
1163 2051 1273 2124 eccle·

90 2183 173 2252 eiam
188 2183 219 2252 in
235 2183 455 2274 predictorum
470 2186 609 2255 omnium
623 2185 725 2256 libera
740 2183 950 2278 possessione
965 2181 1152 2267 dimitteret,
1168 2181 1273 2252 donec

91 2312 325 2383 restitueretur
338 2311 600 2384 ierosolimitana
613 2313 778 2405 provincia
792 2310 994 2391 Christianis,
1009 2317 1042 2382 et
1055 2333 1116 2381 nos
1129 2309 1273 2392 tandem,

90 2447 223 2508 cassata
242 2439 416 2520 sententia,
437 2462 499 2532 que
518 2461 617 2532 super
634 2439 698 2510 boc
717 2439 781 2510 lata
799 2437 908 2508 iuerat
926 2436 1084 2507 aduersus
1103 2435 1274 2506 ecclesiam

89 2563 206 2636 Sancti
227 2564 344 2649 Marci,
370 2564 474 2640 eidem
495 2565 751 2658 Arcbiepiseopo
771 2570 804 2635 et
823 2565 915 2634 uobis
935 2565 1030 2634 etiam
1050 2556 1273 2654 dederimus²)

90 2692 123 2759 in
149 2690 326 2772 mandatis,
353 2697 388 2760 ut
408 2714 477 2762 eam
497 2715 598 2786 usque
618 2693 657 2762 ad
677 2693 850 2762 aduentum
875 2690 1059 2783 legatorum
1085 2695 1273 2760 nostrorum

90 2817 275 2912 superbiis
294 2816 478 2890 nullatenus
498 2818 678 2890 molestiam
697 2817 880 2888 inferretis:

183 2942 251 3016 Vns
277 2949 386 3016 tamen
413 2952 446 3015 et
469 2944 662 3018 uenerabilis
688 2937 839 3036 nneter³)
865 2943 1054 3014 Patriarcba·
1070 2941 1274 3014 lerosolimi-

89 3077 189 3141 tanum
203 3062 318 3164 pose)
339 3070 510 3142 decessum
522 3069 766 3164 archiepiscopi
785 3069 962 3164 supradicti
975 3070 1151 3142 Plebanum
1171 3070 1274 3163 ipsum

90 3220 193 3290 super
211 3198 260 3268 bis
279 3199 520 3293 presumpsistis
541 3198 759 3293 multipliciter
778 3197 967 3279 molestare;
988 3198 1126 3292 ideoque
1147 3197 1274 3268 discre-

89 3323 172 3394 tioni
184 3331 295 3394 uestre
309 3347 369 3417 per
379 3326 560 3418 apostolica
574 3327 696 3420 scripta
709 3325 907 3408 mandamus,
923 3325 1085 3418 quatinus,
1100 3331 1273 3417 autequam

90 3451 203 3520 dilecti
230 3449 284 3520 filii
314 3453 434 3533 nostri,
463 3451 639 3536 Sciredus,
668 3452 751 3524 tituli
777 3451 900 3522 Sancte
928 3450 1081 3522 Praredis
1110 3457 1145 3521 et
1172 3451 1273 3534 Petri,

88 3577 173 3647 tituli
199 3576 312 3648 Sancti
331 3577 475 3649 Marcelli
483 3573 514 3671 ⁵)
541 3579 724 3673 presbyteri
743 3578 950 3661 cardinales,
977 3577 1157 3672 apostolice
1175 3577 1272 3648 Sedis

88 3703 205 3796 legati,
225 3703 266 3772 ad
284 3709 396 3798 partes
415 3707 502 3800 ipsas
520 3705 730 3788 accesserint,
757 3705 809 3775 uel
829 3704 904 3776 illuc
923 3705 1038 3774 saltem
1058 3705 1141 3776 alter
1159 3727 1272 3776 eorum

98 3907 209 3914 ..ι-.-

1 4028 3 4035 ’
117 4019 144 4091 ¹)
165 4023 304 4091 propter
324 4019 401 4075 Corn.

113 4109 142 4180 ¹)
162 4111 323 4165 dederint
341 4111 418 4167 Corn.

113 4201 142 4274 ³)
163 4201 209 4256 Sic
226 4202 274 4256 ΒΡ.
295 4203 320 4264 l.
339 4203 376 4264 ll;
396 4204 485 4258 inbd.
504 4204 697 4258 uenerabili
718 4204 779 4258 uiri
798 4221 857 4260 cnm
875 4207 980 4275 punctis
998 4208 1181 4278 corruptelae;
1200 4225 1272 4264 nen.

163 4293 273 4346 irater
289 4298 404 4348 noster
424 4298 506 4366 patr.
526 4295 603 4350 Corn.

114 4380 144 4454 ⁴)
165 4385 309 4454 propter
329 4381 405 4437 Corn.

115 4472 143 4545 ⁵)
163 4475 202 4529 lta
215 4491 263 4528 nos
277 4473 363 4545 plene.
380 4474 431 4528 bd.
445 4473 472 4528 S.
486 4472 545 4528 t't'.
559 4477 648 4528 ...et
659 4475 686 4530 P.
700 4474 761 4540 t'c.;
776 4475 977 4534 bP.letCorn.
991 4479 1184 4538 S.tituli...
1204 4487 1232 4538 ct
1245 4485 1273 4540 P.

163 4563 273 4628 tituli;
287 4564 521 4639 bP.llS3terrc
540 4567 655 4620 ennete
669 4605 676 4620 .
690 4605 697 4622 .
711 4606 718 4620 .
732 4567 909 4624 etatem
928 4585 949 4626 e.
