3110 5080
251 347 253 352 ¹
304 343 380 416 434
555 353 649 406 lnnoe.
662 351 694 406 lll
708 371 797 410 errsr.
811 371 847 408 ao
861 355 991 408 Bnrvrrae.
1007 355 1141 409 llonmsr.
1154 370 1218 410 rene.

390 526 483 596 licet
501 523 595 606 enim,
614 525 699 595 sicut
717 549 755 594 ex
774 525 876 597 literis
894 527 1011 597 restris
1030 527 1223 620 accepimus,
1243 526 1330 621 apud
1345 523 1479 596 carissi·

301 678 385 724 mum
405 637 437 723 in
456 653 588 724 Christo
607 651 703 722 lilium
729 658 876 723 nostrum
896 653 1059 736 Alexium,
1084 652 1477 746 Constantinopolitanum

300 782 531 876 Imperatorem
549 779 722 864 illustrem,
749 780 930 852 institeritis
950 787 983 852 et
1002 781 1205 852 obtinueritis
1225 782 1265 852 ab
1286 780 1416 862 eodem,
1441 789 1478 849 ut

295 909 483 1001 juramento
508 908 667 1008 firmaret,
694 931 734 978 se
750 929 876 978 omnem
897 907 1100 979 devotionem
1124 907 1219 980 nobis
1238 916 1273 980 et
1294 929 1472 980 suecesso-

298 1036 388 1106 ribus
401 1035 521 1105 nostris
536 1031 766 1105 substituendis
780 1034 935 1104 canonice
949 1037 1179 1128 impensurum,
1195 1042 1258 1108 etc.
1275 1045 1313 1106 ut
1325 1039 1364 1106 in
1376 1058 1475 1130 prce·

298 1163 440 1246 cedenti,
462 1160 530 1256 [ep.
551 1157 717 1254 ccxxvii]
738 1183 844 1256 neque
863 1167 1026 1255 potenter.

388 1290 489 1362 Valde
504 1296 610 1362 tamen
629 1290 844 1383 praesumitur
863 1313 882 1360 a
901 1289 1109 1382 quibusdam,
1133 1291 1219 1383 quod
1242 1289 1275 1360 id
1300 1291 1411 1382 potius
1435 1288 1475 1360 ad

299 1418 538 1488 excusationem
564 1421 704 1486 vestram
728 1415 888 1498 feceritis,
921 1423 957 1486 ut
980 1439 1039 1508 per
1064 1415 1129 1487 hoc
1153 1421 1296 1488 vestrum
1323 1415 1475 1486 velaretis

303 1566 483 1628 excessum,
503 1565 596 1637 quam
611 1547 647 1611 ut
667 1541 707 1612 ad
726 1547 859 1613 matrem
879 1541 954 1626 lilia,
974 1543 1151 1614 membrum
1170 1542 1211 1614 ad
1230 1550 1328 1635 caput
1347 1548 1381 1612 et
1399 1565 1476 1635 pars

298 1671 422 1742 rediret
445 1670 487 1742 ad
510 1691 641 1764 corpus.
678 1667 813 1752 Verum,
839 1670 912 1762 quia
938 1691 1040 1762 opera
1064 1671 1282 1740 testimonium
1301 1669 1477 1764 perhibent

299 1797 446 1882 veritati,
473 1795 586 1890 quaid
605 1796 783 1866 intentione
802 1797 964 1880 feceritis,
986 1795 1097 1868 melius
1116 1797 1253 1868 effeetus
1271 1795 1476 1888 subsequens

299 1923 544 2008 demonstrabit,
571 1925 597 1992 si
617 1921 768 1992 videlicet
786 1925 965 2016 imperator
983 1924 1052 2016 ipse
1072 1948 1109 1994 se
1123 1921 1340 2014 juramentum
1359 1921 1476 2012 hujus-

299 2053 385 2124 modi
412 2051 616 2146 praestitisse
643 2071 703 2143 per
730 2049 841 2120 literas
867 2051 1061 2122 confiteatur
1089 2057 1235 2143 apertas,
1269 2072 1349 2142 quas
1377 2047 1474 2119 nobis

297 2179 416 2274 dirigat
433 2180 465 2248 in
478 2175 699 2250 testimonium
718 2177 944 2260 reservandas,
963 2177 989 2246 si
1005 2177 1090 2268 apud
1103 2175 1320 2246 Patriarcbam
1339 2174 1474 2257 efficiat,

296 2312 337 2376 ut
350 2329 409 2398 per
422 2303 587 2376 solemnes
604 2303 734 2372 nuntios
753 2301 922 2372 Ecclesiae
942 2303 1104 2374 Romanae
1123 2302 1293 2392 primatum
1313 2309 1348 2372 et
1366 2303 1473 2393 magi-

300 2431 432 2501 sterium
447 2437 680 2522 recognoscat,
695 2435 729 2498 et
742 2429 954 2498 reverentiam
970 2427 1063 2498 nobis
1079 2435 1112 2498 et
1125 2427 1341 2498 obedientiam
1355 2449 1473 2520 repro·

295 2557 419 2639 mittat,
457 2559 492 2626 et
516 2555 645 2648 pallium
680 2555 720 2624 de
755 2577 895 2647 corpore
924 2554 954 2624 b.
983 2555 1069 2624 Petri
1096 2560 1275 2646 sumptum,
1308 2553 1379 2622 sine
1407 2576 1473 2644 quo

295 2680 509 2775 patriarchale
540 2681 682 2752 officium
711 2703 863 2750 exercere
892 2681 954 2750 rite
981 2702 1044 2750 non
1071 2685 1200 2772 potest,
1227 2680 1266 2750 ab
1291 2679 1472 2773 apostolica

294 2808 381 2879 Sede
405 2809 558 2901 requirat.
589 2806 713 2896 Quodsi
738 2807 850 2877 forsan
870 2805 933 2876 hoe
954 2805 1135 2876 devotionis
1154 2805 1364 2898 primordium
1385 2807 1471 2876 cirea

294 2959 372 3006 suae
392 2933 606 3028 promotionis
625 2933 713 3003 initia
733 2933 920 3024 denegarit,
949 2940 982 3003 et
1001 2931 1157 3011 noluerit,
1185 2931 1270 3025 quod
1289 2933 1471 3013 scribimus,

295 3063 482 3156 adimplere,
497 3083 559 3131 nec
572 3060 686 3131 oculus
696 3065 807 3130 vester
816 3059 948 3150 simplex
963 3059 1063 3128 fuisse
1075 3059 1245 3142 videbitur,
1259 3081 1321 3128 nee
1336 3059 1470 3130 intentio

295 3189 367 3281 ejus
392 3211 491 3282 pura;
521 3188 615 3257 immo
641 3187 763 3279 primae
791 3184 1063 3278 transgressioni,
1092 3207 1186 3276 quam
1209 3183 1295 3276 apud
1319 3183 1470 3254 iaderam
1550 3247 1553 3254 ,

295 3315 493 3398 incurristis,
520 3312 702 3384 videbimini
722 3311 884 3382 addidisse
904 3311 1095 3392 secundam,
1116 3310 1190 3380 dum
1207 3333 1312 3392 arma,
1334 3311 1470 3404 quaein

299 3443 412 3514 hostes
431 3441 539 3513 crucis
558 3441 776 3534 credebamini
801 3437 1031 3532 assumpsisse,
1057 3439 1088 3507 in
1108 3437 1363 3509 Christianorum
1383 3439 1471 3508 exei-

295 3569 380 3640 dium
399 3573 517 3640 iterum
532 3566 750 3644 convertistis,
769 3567 828 3636 nisi
848 3566 960 3636 forsan
980 3564 1021 3634 ad
1041 3564 1273 3635 extenuandam
1293 3565 1421 3657 evrlpam
1440 3573 1472 3635 et

294 3719 431 3788 poenam
450 3717 489 3766 ex
507 3695 590 3777 zelo,
611 3716 705 3786 quem
725 3693 812 3763 circa
832 3697 967 3762 matrem
986 3698 1125 3761 vestram
1148 3690 1327 3761 Ecclesiam
1350 3691 1470 3762 Roma·

295 3845 366 3892 nam
380 3822 520 3903 habetis,
540 3821 591 3890 cui
605 3821 735 3890 fuerant
747 3818 902 3900 indevoti,
922 3817 1008 3911 quod
1024 3817 1064 3886 de
1080 3818 1278 3886 Graecorum
1294 3816 1469 3887 inchoastis

294 3949 453 4031 Ecclesia,
482 3947 668 4017 studueritis
696 3968 933 4016 consummare.
963 3943 1051 4017 lstud
1077 3943 1175 4038 igitur
1201 3943 1263 4013 erit
1294 3951 1328 4013 et
1360 3967 1469 4015 verum

296 4077 478 4148 devotionis
499 4073 643 4165 ejusdem
663 4072 868 4165 Imperatoris
886 4072 1035 4144 indicium
1057 4077 1090 4141 et
1111 4077 1238 4141 vestrae
1257 4071 1469 4164 simplicitatis

295 4203 425 4274 evidens
445 4207 680 4294 argumentum.

383 4332 546 4411 Ceterum,
575 4329 651 4398 licet
676 4335 837 4420 optemus,
864 4333 900 4397 ut
923 4349 983 4418 per
1005 4327 1145 4396 studium
1165 4334 1199 4395 et
1216 4323 1467 4398 sollicitudinem

295 4464 436 4528 vestram
461 4455 503 4526 ad
527 4453 732 4526 devotionem
752 4461 785 4523 et
803 4453 1016 4523 reverentiam
1042 4451 1241 4546 apostolicae
1259 4451 1357 4522 Sedis
1377 4452 1469 4525 Con-

294 4580 576 4672 stantinopolitano
603 4579 748 4650 Ecclesia
773 4585 969 4660 revertatur,
996 4579 1066 4668 quia
1092 4585 1198 4648 tamen
1223 4577 1264 4648 ad
1289 4577 1469 4651 subsidium
