3110 5076
293 351 369 422 202
667 361 907 422 Gsnrsnsunnruu
920 367 1027 422 lseuerr
1041 367 1099 424 lun.

290 533 590 628 conprehensiones
609 533 792 608 huiusmodi
812 537 1081 632 chrysubulnrum
1090 537 1133 632 ¹),
1160 549 1195 613 et
1212 542 1288 612 lure
1309 539 1418 610 selues
1437 545 1470 610 et

292 663 472 756 intrepidus
500 664 532 734 in
556 666 706 758 personis
734 673 767 738 et
789 669 958 762 peccunijs
985 691 1098 740 eorum
1126 675 1191 740 tem
1219 668 1259 739 eb
1289 665 1470 738 hominibus

294 789 421 885 lmperij
437 793 554 874 nostri,
574 816 667 886 quern
682 795 722 864 uls
737 795 808 890 ipso
824 796 963 889 lmperie
977 803 1105 880 nostro,
1126 804 1159 868 et
1177 789 1337 888 hebere²)
1358 816 1471 865 omnes

293 919 472 1004 districtus,
492 914 613 1014 qu0s⁸)
632 921 796 994 hebebant
808 931 958 1018 ternpore
973 924 1060 996 illnte
1075 925 1122 994 eis
1141 925 1190 994 ire
1205 947 1334 1017 semper
1348 943 1473 992 merne-

292 1046 383 1117 rnndi
411 1048 620 1142 lmperetnris
650 1055 685 1120 et
711 1049 818 1144 patrui
847 1049 975 1146 lmperij
1007 1053 1129 1135 nostri,
1163 1051 1282 1122 domini
1315 1048 1474 1120 llenuelis

293 1172 463 1259 Comnnni,
491 1177 633 1268 ipsisque
652 1175 815 1248 Veneticis
834 1178 925 1250 reddi
945 1185 980 1249 et
998 1201 1114 1251 omnes
1131 1202 1187 1251 res
1206 1201 1339 1261 eorum,
1360 1177 1475 1270 quein

294 1299 423 1393 peletijs
442 1309 476 1374 et
494 1307 703 1401 monesterijs
720 1307 870 1390 fuerunt,
897 1315 930 1379 et
950 1310 1063 1402 quein
1084 1300 1308 1398 uestiariunn⁴J
1328 1307 1476 1376 inuene-

294 1435 371 1500 runt
390 1435 424 1500 et
442 1411 502 1502 sliu
527 1432 611 1516 loen,
637 1435 761 1530 scripto
787 1443 820 1508 et
845 1459 911 1508 non
936 1437 1069 1530 scripto.
1098 1429 1196 1527 Set⁵)
1221 1443 1256 1506 et
1277 1456 1338 1530 pro
1361 1433 1475 1514 rebus,

294 1579 358 1649 que
377 1559 548 1634 manifeste
567 1585 633 1634 non
652 1565 867 1659 reperientur,
893 1563 983 1635 dubit
1000 1566 1159 1635 serenitas
1168 1556 1201 1655 ⁶)
1221 1563 1350 1656 lmperij
1370 1561 1478 1632 nostri

294 1681 442 1755 homines
456 1687 669 1772 sufficientes,
689 1691 802 1783 eisque
816 1691 987 1785 precipiet,
1003 1695 1163 1784 quntenus
1177 1713 1231 1760 res
1245 1689 1479 1760 Veneticnrum

294 1809 440 1901 studiose
460 1821 596 1906 querunt
615 1823 650 1888 et
666 1817 847 1912 reperiunt,
874 1841 913 1890 nc
933 1818 959 1887 si
980 1817 1021 1888 de
1039 1818 1195 1888 uestierio
1217 1817 1347 1910 lmperij
1372 1815 1479 1886 nostri

295 1939 402 2010 eblnte
416 1950 537 2014 essent.
558 1943 620 2030 Qui
635 1951 668 2014 ct
681 1945 790 2016 iurnre
799 1940 831 2037 ⁷)
847 1944 977 2028 debent,
993 1944 1081 2039 qued
1095 1944 1271 2016 secundum
1286 1951 1479 2038 preceptum

295 2065 423 2162 lmperij
450 2073 552 2143 nostri
576 2073 754 2145 studebunt
776 2075 921 2144 inuenire
941 2081 974 2144 et
992 2074 1143 2167 accipere
1161 2071 1345 2144 huiusmodi
1363 2093 1418 2141 res
1438 2071 1482 2142 sd

296 2193 456 2268 honorem
489 2201 661 2272 clementie
695 2205 809 2272 nostre
843 2207 877 2272 et
904 2200 1073 2271 utilitatem
1101 2199 1343 2272 veneticorum.
1379 2199 1424 2270 Et
1453 2199 1483 2268 si

296 2322 414 2418 aliquid
433 2326 474 2397 de
492 2327 556 2422 hijs
575 2329 742 2401 uenditum
760 2336 829 2414 est,
850 2335 884 2399 et
902 2329 1018 2400 dixerit
1036 2329 1229 2412 Veneticus,
1255 2327 1485 2398 fraudulenter

295 2451 372 2523 illud
390 2455 464 2524 fore
484 2455 665 2540 uenditum,
693 2457 812 2528 iurabit
830 2455 901 2542 ille,
927 2457 980 2550 qui
1000 2456 1162 2539 uendidit,
1192 2455 1280 2552 quod
1305 2458 1392 2528 hune
1415 2455 1485 2526 tide

296 2601 365 2650 rem
384 2579 528 2654 Venetici
548 2585 751 2667 uendiderit‚
778 2591 812 2656 et
830 2605 890 2679 pro
909 2589 1021 2667 teuto,
1051 2577 1215 2678 quent0⁸)
1240 2607 1310 2655 earn
1336 2584 1486 2655 uendere

297 2705 410 2799 quiuit‚
432 2715 464 2780 et
483 2711 570 2804 qued
589 2735 650 2783 uec
669 2712 740 2808 plus
753 2712 835 2788 ‚inde
849 2710 1028 2806 acceperit,
1048 2733 1109 2783 nec
1124 2717 1318 2806 accepturus
1338 2717 1401 2792 est,
1420 2709 1488 2780 nisi

297 2843 449 2926 quantum
469 2838 566 2922 dixit,
590 2839 616 2909 si
637 2840 839 2934 propinquus
858 2839 986 2934 lmperij
1007 2841 1109 2910 nostri
1129 2861 1194 2910 non
1213 2839 1322 2910 luerit.
1354 2837 1486 2909 Verun-

295 2969 405 3046 tamen
425 2971 459 3035 et
478 2965 519 3036 de
538 2967 727 3061 propinquis
743 2965 944 3038 celsitudinis
958 2973 1071 3037 nostre
1091 2973 1125 3037 et
1144 2967 1185 3036 de
1204 2965 1277 3058 nlijs
1297 2965 1396 3037 debet
1412 2965 1488 3036 lieri

297 3099 394 3164 cauta
413 3095 545 3178 iustitia,
565 3095 743 3166 secundum
763 3095 851 3187 quod
865 3095 1002 3165 deberet
1019 3093 1091 3164 tieri
1109 3117 1170 3188 pro
1189 3093 1290 3165 rebus
1309 3093 1428 3164 ablatis
1444 3093 1489 3164 de

297 3222 454 3293 uestierio
473 3229 589 3293 nostro
610 3223 739 3316 lmperij
759 3221 876 3294 nostri.

387 3352 484 3420 lteur
503 3357 548 3432 et,
568 3351 595 3420 si
614 3371 675 3443 pro
695 3350 848 3433 seruitio,
878 3349 965 3443 quod
991 3348 1130 3444 lmperic
1150 3357 1263 3420 nostro
1288 3349 1411 3419 facient
1428 3348 1488 3418 uel

298 3477 517 3571 lmperntnris‚
537 3477 714 3548 secundum
735 3477 823 3572 qued
843 3477 962 3548 dictum
982 3483 1045 3561 est,
1064 3478 1292 3572 superuenerit
1311 3477 1358 3547 eis
1376 3477 1489 3546 inimi·

298 3605 372 3676 citis
392 3598 448 3696 θ’)
468 3611 625 3676 coronata
645 3627 786 3697 persona
805 3603 858 3675 uel
878 3627 897 3674 a
916 3627 1033 3698 magne
1053 3612 1167 3700 gente,
1193 3603 1294 3676 debet
1311 3605 1490 3698 lmperium

299 3739 446 3804 nostrum
467 3731 518 3803 uel
537 3733 726 3826 lrnpernturi
745 3756 806 3826 per
824 3737 972 3826 ternpore
985 3755 1045 3802 eos
1059 3733 1183 3816 iuuare,
1204 3729 1381 3804 secundum
1398 3733 1491 3825 quod

299 3862 413 3931 iuuere
428 3859 565 3930 deberet
582 3881 674 3928 vnern
685 3851 730 3950 ¹⁰)
751 3858 791 3928 de
805 3859 931 3951 magnis
945 3858 1101 3930 Romanie
1115 3858 1312 3941 ciuitatibus,
1332 3865 1491 3954 excepte,

327 4141 355 4218 ¹)
375 4141 562 4199 chrischnli
582 4143 615 4196 ll.
946 4139 974 4212 ⁸)
994 4139 1143 4196 servitus
1157 4139 1206 4214 (l)
1226 4141 1260 4195 ll.

325 4235 354 4310 ²)
374 4237 468 4292 etiem
486 4237 520 4291 ll.
533 4235 615 4290 addit.
944 4227 973 4304 ⁷)
992 4247 1113 4286 curere
1132 4232 1164 4288 ll.

326 4326 355 4401 ⁸)
376 4327 567 4390 districtus,
587 4341 670 4399 ques
688 4323 723 4379 ll.
945 4319 973 4394 ⁸)
993 4339 1053 4394 pro
1072 4328 1198 4395 quante
1217 4325 1252 4381 ll.

374 4419 597 4475 inresterium
616 4415 695 4471 llscr.
944 4414 973 4487 e)
991 4413 1073 4472 Deest
1084 4415 1110 4470 in
1123 4414 1200 4471 llscr.

326 4417 339 4455 n

327 4419 356 4586 ⁵3
375 4510 440 4566 elio
459 4511 531 4564 leco
551 4509 681 4580 scripto
707 4509 741 4561 et
762 4523 787 4560 n.
805 4521 868 4560 ser.
934 4503 976 4580 ¹⁰)
996 4523 1058 4560 une
1077 4507 1111 4560 ll.

375 4605 410 4656 et
428 4617 488 4672 pre
507 4599 541 4653 ll.
