3148 5080
278 376 327 450 36
402 386 581 442 VENETORUM
594 401 777 442 daunaredus
791 403 830 442 AD
844 398 993 442 rainerius
1007 395 1219 440 EAMUBNOEUM
1234 395 1351 436 ursane-

836 667 918 738 xvi.

402 808 579 872 Venetorum
595 807 762 888 legationes
779 809 815 872 at
833 808 983 890 principes
1000 804 1215 870 Saracenorum
1232 806 1341 868 nisse.

802 949 832 1004 Δ.
847 946 874 1002 d.
886 948 948 1006 991.

365 1094 500 1160 Andreas
518 1095 716 1160 {tantulus
732 1095 764 1159 in
781 1093 928 1159 chronico
944 1113 973 1178 p.
988 1077 1066 1164 223,
1084 1091 1132 1156 ed.
1152 1094 1220 1157 cit:
1248 1092 1365 1158 Omnes
1380 1095 1477 1158 mum

275 1201 511 1269 Saracenorum
528 1204 697 1290 principes
719 1205 786 1270 ecio
808 1201 1017 1291 lcpntionidua
1038 1201 1100 1267 aiii
1122 1201 1288 1266 omnus
1303 1209 1336 1266 et
1356 1203 1477 1267 amieos
1572 1243 1573 1254 ι

271 1313 353 1398 fecit
372 1311 494 1400 [Petrus
510 1312 634 1379 Ursioio
650 1313 673 1378 ΙΙ
690 1315 754 1378 Dux
772 1313 963 1377 venetiarum
981 1313 1013 1374 Α.
1032 1311 1068 1376 D.
1086 1311 1148 1376 991
1170 1308 1267 1397 sqq.].

831 1515 928 1586 XVII.

277 1657 515 1739 ourysonunm
526 1658 740 1740 imperatorum
749 1657 913 1722 trecarum
924 1656 1027 1720 institi
1045 1661 1077 1722 et
1090 1657 1287 1736 eorsum-1,
1300 1656 1477 1721 Venetoru-

581 1767 798 1831 mercatertbus
815 1765 972 1832 libertates
989 1766 1166 1830 concedens.

803 1907 833 1960 Α.
847 1907 873 1962 d.
886 1907 949 1964 991.

365 2052 467 2117 Codex
475 2053 686 2138 diplomaticus
696 2053 762 2118 Scti
776 2052 871 2118 Marci
882 2051 1085 2118 Trerisaneus
1101 2054 1191 2120 class.
1200 2057 1235 2120 X.
1248 2054 1474 2120 coucuxxxl.

277 2162 329 2225 tol.
355 2161 385 2232 8,
422 2162 474 2228 ubi
500 2163 637 2228 additur:
664 2183 778 2238 „annm
806 2167 838 2227 ut
865 2166 936 2246 puto
960 2163 1058 2226 991⁴.
1095 2163 1239 2229 Exhibuit
1265 2183 1361 2250 nuper
1385 2164 1474 2229 etiam

279 2270 460 2334 Romanin
477 2271 497 2334 l.
516 2271 535 2334 l.
554 2293 583 2356 p.
604 2271 665 2337 381
686 2291 752 2356 sqq.

366 2377 505 2452 Andreae
530 2379 695 2444 Danduli
721 2379 886 2444 chronicon
910 2379 928 2441 Ι.
947 2399 1022 2464 cp.
1041 2381 1124 2444 223:
1157 2383 1271 2448 Petrus
1298 2383 1421 2448 Ureiolo
1446 2384 1479 2448 11
1571 2453 1573 2460 Α

276 2489 356 2552 noe
371 2487 530 2553 starium
546 2495 594 2552 en
609 2509 692 2553 anno
709 2488 830 2552 nomene
847 2485 1039 2552 uuocexu
1057 2537 1063 2550 .
1083 2538 1089 2550 .
1110 2538 1117 2552 .
1142 2489 1205 2554 ure
1221 2491 1256 2554 er
1272 2472 1409 2556 aaaron
1426 2493 1478 2558 soa·

276 2599 411 2664 ducatur
435 2599 556 2687 ieputoa
578 2597 665 2662 miait
686 2597 809 2662 Basilio
834 2603 865 2661 ct
882 2597 1107 2670 Constantino,
1126 2599 1377 2685 inperatoribus
1394 2603 1476 2666 Cou-

276 2707 583 2794 ataotirropolitonie,
604 2715 634 2771 et
645 2707 685 2771 ob
698 2708 744 2771 cie
755 2707 965 2791 crpoobolium
977 2707 1120 2779 obtinuit.
1133 2711 1299 2777 contineor
1311 2713 1477 2778 libertates

277 2823 309 2882 ct
323 2816 528 2881 inmunitates
539 2817 745 2899 favorabiles,
763 2837 929 2882 couccecue
950 2817 1068 2890 Venetis
1080 2819 1305 2906 nuoipuntibue
1320 2843 1378 2886 eeu
1392 2843 1475 2886 mer-

277 2925 415 2991 cimonia
427 2925 649 2990 exercentibus
661 2925 695 2990 in
712 2926 798 2990 muni
811 2925 943 2990 civitate
958 2934 989 2990 ct
1004 2928 1072 2992 loco
1089 2919 1145 2991 caio
1162 2929 1297 3015 imperio
1314 2931 1475 3017 subjaceo.

278 3032 336 3096 Ubi
354 3032 602 3097 Muratorius:
630 3035 681 3108 „in
698 3036 834 3116 margine
851 3035 966 3098 codicis
983 3035 1174 3100 Anrbrusiani
1196 3037 1263 3102 haec
1279 3039 1478 3105 adnotantur:

278 3141 357 3206 olidi
368 3147 416 3206 est
428 3142 542 3228 tepere,
559 3165 580 3207 a
593 3143 715 3207 Basilio
728 3149 759 3207 ct
770 3143 896 3214 Alexio,
915 3165 978 3207 non
991 3145 1195 3210 Constantino
1212 3147 1479 3234 impetretumjue

277 3251 1478 3344 aperrdicornmeroioinl'drocioubequeeolutionc“.Temporasatisdiversa

181 3427 185 3436 ,
278 3361 308 3422 iu
322 3359 379 3423 hoc
391 3359 531 3424 lemmate
544 3361 684 3426 contundi
699 3367 791 3446 patet.
805 3362 851 3425 De
864 3362 1068 3447 chrysubultio
1082 3364 1223 3428 Alexione
1236 3365 1305 3430 vide
1318 3387 1373 3434 noe
1387 3367 1477 3432 dein·

277 3489 363 3552 ceps.
373 3505 417 3517 -—
429 3469 640 3534 duthenticum
656 3471 813 3552 originale,
829 3473 849 3533 i.
862 3491 888 3534 e.
903 3471 1055 3544 Graeoum,
1072 3477 1104 3538 ut
1117 3473 1199 3546 alibi,
1216 3473 1347 3538 nondum
1362 3475 1477 3559 depre-

277 3575 448 3640 hendimus.
476 3576 615 3642 Versioni
639 3578 753 3644 veteris
772 3578 946 3662 interpretis
964 3579 1070 3642 Latine
1095 3581 1226 3663 quidem,
1251 3580 1307 3644 sed
1332 3603 1478 3668 perquam

278 3685 407 3748 barbare
424 3685 511 3748 factae
530 3691 561 3748 et
578 3706 594 3748 a
611 3675 743 3750 librariis
768 3687 863 3768 magis
885 3689 974 3750 etiam
997 3688 1169 3770 depravate
1194 3709 1311 3751 inanum
1329 3691 1478 3754 medicam

279 3793 438 3877 aliquoties
463 3794 666 3870 admovimus,
691 3817 707 3859 a
730 3795 866 3880 piurimis
889 3801 986 3859 tamen
1013 3795 1211 3861 abstinentes.
1246 3796 1308 3862 Cir.
1333 3799 1481 3864 beonet

281 3902 317 3964 T.
335 3901 357 3973 1,
374 3923 403 3986 p.
423 3901 503 3976 233;
527 3903 645 3967 Marin
661 3904 697 3967 T.
716 3904 751 3977 u,
768 3925 798 3988 p.
817 3906 882 3968 210
900 3925 965 3990 sqq.
990 3904 1239 3969 Primaudaie
1256 3907 1364 3971 dtudes
1381 3929 1435 3972 sur
1450 3909 1478 3971 te

279 4028 450 4074 commerce
468 4031 505 4074 au
520 4031 630 4098 moyen
647 4011 705 4094 ige
722 4033 752 4096 p.
771 4011 824 4086 34,
844 4013 896 4076 35.

321 4197 324 4207 ·
371 4179 406 4247 ln
426 4181 557 4248 nomine
575 4181 679 4274 patris
700 4186 763 4252 etc.

372 4305 529 4377 Basilius
548 4313 583 4376 et
598 4307 837 4379 Conctnntinua
853 4331 965 4378 omnes
986 4308 1027 4398 (Ι.
1045 4309 1232 4400 omnibus),
1253 4310 1372 4403 quibus
1391 4311 1478 4383 istud

280 4431 368 4525 pium
388 4438 536 4502 nostrum
556 4433 696 4526 sigillum
716 4435 969 4518 demonstretur,
990 4435 1102 4505 fideles
1123 4436 1153 4504 in
1176 4435 1237 4506 deo
1259 4436 1478 4528 Imperatores

281 4559 515 4629 Rornanorum.
