3130 5078
258 378 334 450 572
550 391 746 446 Cousrnuarro
760 391 877 445 linunrcr
890 406 1007 446 rnnrnrs
1021 391 1078 444 luc.
1093 391 1137 444 Cr.

255 559 463 645 Venetorum,
483 585 520 633 ae
539 561 700 633 dominum
718 563 930 645 Bonilacium‚
950 561 1167 632 marchionem
1185 559 1431 642 llontislcrrati

254 694 448 783 ceterosque
489 687 648 772 barones,
692 691 885 784 peregrinos
928 711 968 759 ac
1008 711 1104 760 omne
1147 711 1285 760 comune
1323 689 1430 759 tocius

255 816 432 900 exercitus,
466 817 520 910 qui
549 815 939 910 constantinopolitanum
973 813 1142 910 Imperium
1175 819 1430 911 acquisiucrunt‚

253 943 516 1015 inreuocabilitcr
534 945 775 1015 confirmamus:

343 1070 477 1142 Scilicet
496 1070 583 1164 quod
593 1064 622 1162 ¹)
647 1077 795 1165 tempore
818 1069 891 1155 illo,
916 1093 989 1141 cum
1008 1071 1155 1142 dominus
1176 1071 1354 1168 imperator
1371 1095 1431 1167 per

253 1199 450 1269 Potestatem
465 1196 661 1269 Venetorum
675 1203 709 1268 et
723 1199 792 1269 eius
810 1197 998 1269 conscilium
1013 1204 1048 1267 et
1065 1219 1125 1291 per
1143 1189 1313 1293 magnates
1327 1201 1430 1272 Fran

254 1325 444 1418 cigenarum
461 1325 493 1394 in
512 1347 609 1396 unum
628 1347 665 1395 se
684 1325 968 1409 eoneordauerint,
989 1325 1075 1419 quod
1089 1323 1236 1397 dominus
1250 1327 1430 1422 Imperator

253 1451 294 1522 ad
313 1450 561 1544 expeditionem,
582 1452 624 1524 ad
642 1452 887 1544 acquisitionem
907 1459 940 1523 et
959 1451 1180 1526 defensionem
1200 1455 1330 1549 lmpen'j
1350 1479 1427 1549 pro-

254 1577 373 1649 cedere
399 1577 514 1662 dcbet,
540 1584 618 1649 tunc
653 1602 764 1650 omnes
795 1579 911 1650 milites
939 1581 1085 1675 lmpcrij‚
1117 1587 1184 1651 tarn
1212 1582 1427 1675 Francigeue,

253 1729 348 1799 quam
362 1703 488 1789 Veneti,
508 1705 621 1776 moniti
636 1729 695 1800 per
710 1729 808 1799 supra
826 1711 972 1778 notatum
987 1707 1186 1792 conscilium,
1202 1709 1294 1801 sequi
1309 1707 1429 1781 debent

253 1832 414 1902 dominum
427 1835 659 1926 Imperatorem
673 1833 704 1904 in
719 1833 928 1926 expedicione
942 1833 1006 1918 illa,
1027 1857 1045 1905 a
1059 1835 1205 1906 kalendis
1219 1835 1306 1927 lunij
1326 1859 1428 1928 usque

253 1959 293 2030 ad
306 1959 426 2030 festum
438 1961 542 2030 sancti
563 1959 729 2032 Michaelis
748 1952 851 2055 pr'imo
865 1961 1011 2044 uenturi;
1030 1961 1085 2032 tali
1105 1985 1186 2032 uero
1198 1961 1324 2046 ordine,
1344 1962 1429 2054 quod

253 2085 368 2157 milites
386 2085 446 2171 illi,
466 2085 520 2181 qui
538 2088 785 2182 propinquiores
805 2095 901 2159 erunt
920 2087 1067 2172 inimicis,
1086 2111 1127 2158 ne
1146 2089 1232 2160 forte
1251 2089 1427 2160 detrimen·

251 2222 319 2284 tum
344 2212 419 2284 inde
444 2213 625 2296 incurrant,
651 2237 715 2285 non
741 2215 800 2284 nisi
827 2215 982 2286 medietas
1001 2214 1128 2286 illorum
1146 2222 1319 2286 tencantur
1338 2215 1429 2310 sequi

252 2340 414 2411 dominum
438 2341 685 2434 Imperatorem;
714 2347 748 2412 ct
772 2342 798 2411 si
822 2343 969 2436 grauiter
987 2343 1028 2412 ab
1046 2343 1181 2412 inimicis
1199 2343 1319 2414 luerint
1343 2343 1427 2414 inle-

253 2468 346 2551 steti‚
373 2489 466 2537 nemo
491 2491 603 2539 eorum
629 2449 780 2539 teneatur
807 2469 968 2540 accedere
994 2470 1034 2540 ad
1059 2470 1305 2562 expeditionem.
1334 2471 1378 2542 ut
1400 2469 1426 2540 si

251 2593 355 2688 aliqua
389 2593 572 2688 principalis
607 2617 758 2698 persona·
775 2619 847 2666 cum
877 2597 1020 2667 exercitu
1049 2598 1222 2691 campestri
1258 2597 1425 2667 intrauerit

250 2721 422 2814 imperium
448 2721 488 2790 ad
516 2721 769 2793 destructionem
795 2722 938 2794 eiusdem
966 2723 1095 2816 lmpcrij
1123 2723 1319 2808 faciendam,
1348 2731 1423 2794 tunc

252 2871 364 2918 omnes
390 2847 504 2918 milites
529 2854 621 2919 tanto
645 2849 717 2940 plus
743 2873 865 2919 moram
890 2849 1027 2942 predicti
1053 2851 1181 2922 termini
1205 2875 1279 2923 cunr
1298 2851 1424 2922 domino

251 2974 451 3068 Imperatore
476 2975 588 3046 lacere
608 2975 745 3059 debent,
773 2981 893 3069 quanto
913 2976 960 3046 eis
978 3001 1038 3070 per
1057 2977 1278 3072 supradictum
1297 2979 1424 3049 consci-

250 3099 326 3171 lium
354 3101 453 3172 fucrit
480 3101 667 3174 iniunctum.
713 3103 878 3174 Statutum
904 3104 1061 3198 siquidem
1088 3105 1166 3189 fuit,
1201 3105 1287 3198 quod
1314 3129 1426 3176 omnes

252 3227 381 3310 milites,
401 3229 454 3322 qui
473 3232 714 3321 possessionem
734 3237 767 3302 ct
784 3231 917 3301 feudum
935 3231 1057 3301 habent
1075 3231 1106 3300 in
1126 3232 1277 3326 Imperio,
1300 3237 1367 3302 tam
1387 3232 1426 3302 dc

252 3355 474 3450 Francigenis,
501 3379 595 3450 quam
615 3357 655 3428 de
673 3357 815 3440 Venetis,
841 3357 903 3428 hoc
923 3365 1038 3439 totum,
1064 3359 1151 3450 quod
1170 3359 1427 3452 suprascriptum

254 3487 305 3552 cst
324 3481 364 3552 ad
384 3481 634 3566 obseruandum,
654 3485 783 3554 firmare
802 3483 924 3556 dehent
942 3487 1133 3556 iuramento.

340 3608 495 3680 Dominus
522 3633 602 3680 uero
628 3609 807 3704 imperator
830 3635 943 3683 omnes
968 3613 1046 3683 alias
1073 3613 1296 3684 neccessarias
1321 3635 1374 3683 res
1395 3619 1429 3684 et

253 3737 1425 3834 mmmmfflmmMmmmmmfflmmm

252 3867 510 3959 omnitempore
537 3865 647 3936 lacere
676 3865 784 3936 debet.
830 3869 966 3960 lusupcr
994 3869 1107 3949 etiam,
1146 3865 1298 3960 quicquid
1326 3865 1428 3936 cidem

253 3993 381 4064 domino
396 3995 585 4086 imperatori
606 4017 665 4088 per
679 3995 901 4087 supradictum
921 3995 1110 4066 conscilium
1128 3994 1227 4065 luerit
1246 3993 1428 4064 consultum

249 4119 291 4190 ad
314 4119 550 4190 defendendum
579 4127 613 4191 et
647 4122 917 4192 manutenendum
945 4121 1133 4216 imperium,
1167 4121 1281 4193 lacere
1314 4119 1423 4202 debet,

252 4247 325 4342 quia
350 4247 390 4317 ad
418 4245 481 4317 lroo
510 4247 740 4340 perficiendum
767 4272 925 4321 concessa
951 4256 1002 4321 est
1027 4252 1055 4320 ci
1079 4255 1194 4345 quarta
1219 4273 1297 4343 pars
1323 4248 1429 4319 tocius

253 4375 382 4469 lmperij
403 4372 587 4454 Romanie„

257 4527 306 4673 ni)
324 4602 355 4656 p.
367 4603 392 4656 in
405 4603 487 4658 altera
500 4601 575 4675 eopia
594 4600 644 4655 bl·
654 4599 711 4673 (dl
