3120 5078
316 311 392 381 302
600 324 691 378 deoru
705 325 866 380 Brnaurnu
881 341 934 380 rna
947 327 1079 381 Isauros
1093 343 1222 382 sunnam.

314 493 528 578 exercebant,
558 502 592 564 et
619 495 776 589 populu'm
804 520 869 568 uon
897 495 1123 590 exspobabaut
1150 498 1319 590 praecise,
1350 494 1413 566 sed
1446 517 1503 586 pro

315 621 411 690 modo
431 619 583 713 loquendi
599 623 823 706 excoriabant,
844 631 878 694 et
896 645 1074 718 pauperem
1090 623 1243 718 populum
1264 625 1295 694 in
1315 625 1504 694 servItutom

314 747 468 839 redigere
494 749 710 820 conabantur.
740 751 832 836 Quos
854 773 968 821 omnes
995 751 1177 844 Imperator
1198 748 1297 843 jubet
1321 749 1395 841 capi
1416 754 1453 818 et
1476 749 1502 816 iu

316 871 395 942 villis
414 874 483 944 siue
504 875 648 960 ruribus,
668 879 722 948 ubi
742 879 973 970 expressiones
993 879 1154 960 fecerant,
1174 875 1272 968 jubet
1292 873 1453 946 decollari
1473 878 1503 942 et

312 997 472 1070 cadavera
501 1025 601 1094 super
625 1009 717 1074 rotas
740 1006 835 1097 poni,
866 1004 917 1074 vel
944 1004 986 1074 de
1008 1003 1184 1074 subaoellis
1207 1025 1280 1074 cum
1306 999 1442 1070 funibus
1465 999 1504 1070 ad

312 1126 465 1198 arborem
494 1128 662 1222 suspendi.
692 1132 813 1202 Graeci
839 1154 919 1202 vero
939 1131 1086 1202 videntes
1111 1130 1196 1200 bano
1216 1129 1379 1224 justitiam
1406 1149 1504 1220 super

312 1255 576 1326 exactiouatores
596 1261 632 1326 et
645 1257 896 1349 exspoliatores,
917 1263 954 1328 ut
972 1258 1015 1327 ita
1036 1257 1152 1340 dicam,
1172 1255 1358 1348 praedones
1376 1276 1503 1348 paupe·

310 1405 401 1464 rum,
427 1403 521 1474 quam
548 1405 651 1454 novus
670 1385 852 1476 Imperator
876 1383 1004 1456 lecerat
1022 1405 1123 1478 super
1141 1381 1301 1453 qurtiflez
1320 1385 1357 1452 et
1375 1380 1504 1474 iniquos

310 1508 489 1580 officiarios
508 1531 600 1594 suos,
620 1511 652 1580 in
671 1511 862 1582 Immensum
880 1511 984 1603 gavisi
999 1516 1088 1594 sunt,
1106 1509 1233 1604 gratim
1252 1514 1395 1602 agentes
1413 1507 1504 1577 altis·

308 1635 391 1706 simo
416 1635 507 1720 Deo,
536 1636 624 1730 quod
651 1636 693 1708 de
722 1638 839 1708 misera
863 1637 1041 1721 servitute,
1067 1635 1108 1708 ad
1133 1657 1227 1730 mem
1250 1632 1503 1728 redigebantur,

308 1759 436 1834 liberati
456 1771 552 1836 erant
570 1771 605 1834 et
624 1764 777 1858 expediti.

399 1889 582 1983 Imperator
600 1891 777 1964 Ilalduinus
797 1893 829 1962 in
848 1890 955 1962 medio
975 1889 1070 1984 primi
1089 1889 1165 1960 anni
1183 1887 1315 1960 dominii
1330 1888 1392 1968 sui,
1412 1887 1503 1958 ride·

309 2013 388 2086 licet
405 2023 483 2107 post
502 2017 642 2088 medium
661 2018 884 2112 Septembris,
911 2017 990 2088 lecit
1014 2017 1196 2088 conuiuium
1220 2014 1504 2109 permagnificum,

311 2141 365 2212 ubi
391 2141 471 2212 fecit
497 2145 673 2216 conuocari
703 2167 816 2216 omnes
841 2143 967 2216 nobiles
994 2143 1166 2226 Graeciae,
1192 2141 1366 2226 Thraciae,
1393 2142 1503 2212 Gono-

306 2269 475 2352 manuiac,
503 2267 696 2353 Armeniae,
722 2271 851 2342 lossiae
879 2293 918 2340 ac
943 2270 1079 2342 Pinetae
1098 2267 1246 2350 Nardae,
1261 2265 1325 2360 'qui
1346 2265 1424 2336 olim
1443 2265 1502 2336 sub

307 2393 453 2467 dominio
477 2402 572 2468 erant
600 2397 812 2489 Imperatoris
837 2393 1203 2490 Constantinopolitani.
1238 2392 1291 2466 Ad
1310 2391 1503 2463 Constanti—

307 2521 452 2614 nopolim
472 2523 652 2596 honorilice
672 2523 890 2596 veneruntad
911 2525 1147 2618 Imperatorem
1167 2543 1239 2592 cum
1259 2519 1450 2592 muneribus
1467 2525 1503 2590 et

301 2648 483 2740 jocalibus,
513 2671 598 2741 quae
618 2649 679 2720 sibi
704 2657 998 2742 praesentaverunt
1016 2657 1051 2721 et
1070 2655 1161 2722 tenta
1180 2656 1233 2720 est
1251 2648 1343 2720 ouria
1363 2644 1499 2718 convivii

305 2775 388 2848 XXX
408 2776 535 2849 dlebus.
563 2775 767 2848 Duodecima
785 2778 837 2848 die
857 2778 1007 2862 convivii,
1028 2801 1111 2870 qume
1128 2778 1192 2850 luit
1209 2779 1313 2869 prIma
1329 2772 1498 2856 Octobris,

305 2904 385 2974 iecit
403 2902 541 2996 amplius
561 2926 656 2996 quam
675 2911 850 2976 sexcentos
872 2904 989 2976 milites
1009 2912 1044 2978 et
1062 2905 1201 2998 siugulis
1220 2904 1312 2976 dedit
1328 2901 1497 2972 liberatam

305 3029 345 3102 do
365 3030 481 3125 caligis
501 3029 709 3123 supradictis,
730 3037 765 3102 et
784 3030 918 3102 cullibet
935 3053 1096 3103 uovorum
1114 3030 1261 3114 milibum,
1280 3052 1348 3100 non
1367 3027 1498 3100 babenti

305 3157 447 3228 dominia
465 3179 524 3228 sou
543 3162 664 3238 terras,
686 3155 776 3228 dedit
795 3157 844 3228 vel
863 3164 973 3230 terras
993 3159 1045 3230 vel
1065 3159 1173 3230 officia
1192 3157 1243 3228 vel
1261 3156 1429 3238 dominia,
1458 3152 1498 3224 de

304 3283 420 3376 quibus
458 3288 596 3376 possent
628 3281 777 3374 gratiose
808 3284 916 3354 viuere
946 3291 981 3354 et
1008 3290 1129 3356 statum
1163 3281 1335 3352 militarem
1364 3281 1498 3360 ducere,

305 3407 460 3480 mandans
480 3409 541 3491 eis,
561 3413 723 3502 quatenus
739 3407 840 3500 justis
858 3410 1001 3503 legibus,
1027 3408 1206 3504 privilegiis
1225 3431 1265 3478 ao
1284 3405 1499 3478 cousuetudi-

304 3535 398 3606 nibus
414 3533 660 3606 Atheniensium
675 3538 709 3603 et
723 3535 938 3618 Graecorum,
959 3541 995 3608 ut
1013 3535 1101 3619 olim,
1122 3557 1221 3629 quum
1235 3533 1375 3606 Graecia
1396 3531 1498 3604 flore·

303 3661 377 3743 bat,
404 3661 528 3754 absque
549 3681 754 3753 quacumque
774 3660 940 3754 tyrranidc
960 3660 1096 3753 quilibet
1114 3660 1290 3732 dominium
1308 3665 1450 3750 regeret
1467 3667 1500 3730 et

298 3786 389 3876 juste
408 3811 449 3858 ac
469 3787 617 3879 gloriose
635 3787 851 3879 gubernaret.
874 3788 1031 3860 Gonvivio
1046 3793 1197 3880 peracto,
1219 3785 1370 3858 dominus
1391 3785 1499 3878 Impe-

304 3919 398 3982 rator
415 3911 610 3996 Balduinus‚
641 3935 713 3982 oum
739 3917 907 4004 potestate
932 3935 1050 4005 magna
1074 3918 1110 3984 et
1134 3915 1306 4005 majestate
1325 3913 1441 4006 pergit
1460 3911 1499 3981 ad

304 4035 450 4129 singulas
469 4038 618 4108 civitates
637 4043 672 4108 et
689 4039 872 4130 prouincias
893 4039 1021 4132 Imperii
1041 4039 1108 4120 sui,
1135 4039 1167 4108 iu
1187 4037 1360 4118 Salonica,
1389 4039 1496 4110 Coro·

306 4165 451 4248 mannia,
476 4163 635 4246 Thracia,
662 4163 835 4248 Armenia,
864 4163 1093 4258 Adrianopoli,
1120 4165 1352 4248 Partenardia,
1377 4167 1500 4237 Tessa-

304 4291 432 4370 Ionica,
466 4290 615 4384 Acbaya,
648 4293 780 4374 Beotia,
815 4314 854 4362 ao
885 4315 946 4384 per
977 4298 1080 4364 totam
1115 4291 1285 4364 Graeciam
1318 4315 1429 4386 usque
1461 4292 1499 4364 ad

305 4416 498 4488 Dalmatium
509 4416 761 4488 etPaunoniam.
778 4416 899 4487 Omnes
909 4417 971 4488 sibi
982 4416 1150 4499 obediunt,
1162 4417 1325 4490 bonorem
1337 4419 1499 4492 othoma-

306 4545 395 4636 gium
420 4531 588 4627 faciendo,
612 4541 720 4612 claves
739 4543 904 4612 civitatum
925 4549 959 4614 et
981 4533 1220 4614 t'ortaliciorum
1239 4543 1302 4614 sibi
1323 4545 1500 4628 tradendo,
