3110 5076
256 367 331 439 238
527 377 629 432 Auexu
642 376 676 431 lll
689 376 747 431 lar.
761 374 806 431 Or.
820 391 909 432 aruer.
923 391 960 430 un
974 375 1068 431 lauoo.
1082 377 1123 430 ΠΙ.

252 554 286 619 et
304 549 560 641 dispensationes
579 545 694 618 imitari
714 547 800 642 apud
820 571 855 619 se
872 547 1042 641 judicauit‚
1066 547 1188 640 judieia
1203 571 1285 620 uero
1299 549 1372 632 Dei,
1392 558 1431 620 ut

252 701 290 747 ex
309 678 385 747 risis
404 683 438 748 et
457 677 600 770 operatis
620 677 738 768 conjici
760 681 886 771 potest,
913 675 1015 746 Deum
1040 675 1180 746 nondum
1204 679 1327 747 uostris
1346 701 1430 770 pee-

253 805 333 875 eatis
352 804 512 899 placatum
532 827 605 874 esse
625 804 861 888 demonstrant,
882 827 942 875 neo
962 811 1073 874 nostra
1093 803 1278 897 despexisse
1298 806 1430 888 delicta,

209 981 210 985 =
252 939 389 1026 propter
408 952 489 1026 quae
508 935 542 1001 et
566 932 684 1002 saltare
704 931 735 1001 in
754 933 875 1004 sanetis
898 929 958 1000 illis
984 930 1066 1000 loeis
1084 931 1245 1024 Agareuis
1271 933 1430 1025 permisit,

253 1065 286 1130 et
310 1081 370 1150 per
394 1058 528 1150 longum
549 1058 617 1150 jam
640 1063 768 1151 tempus
788 1065 822 1128 ot
840 1081 942 1151 usque
969 1079 1053 1127 nuno
1073 1081 1092 1127 a
1111 1057 1287 1152 prophanis
1309 1065 1343 1130 et
1367 1061 1430 1128 im-

254 1184 378 1254 mundis
397 1183 533 1276 pedibus
547 1185 731 1257 eoneuleari
751 1192 862 1255 saneta
882 1185 932 1254 illu
953 1185 1101 1268 sustinet,
1122 1192 1157 1255 ut
1175 1185 1325 1256 uideatur
1343 1209 1431 1257 nune

253 1311 363 1382 alteo
388 1313 515 1405 perfici,
542 1335 624 1405 quae
650 1313 690 1382 de
719 1313 917 1382 Hierusalem
946 1313 1030 1382 diota
1057 1319 1132 1382 sunt
1156 1335 1215 1404 per
1240 1311 1430 1383 Zachariam

255 1439 337 1530 (12,
351 1441 384 1510 3.
399 1439 459 1530 l):
473 1463 599 1535 ponam
608 1437 819 1512 Hierusalem
827 1438 971 1534 dapsilem
985 1439 1208 1510 conculcatam
1224 1445 1261 1510 in
1275 1441 1432 1512 omnihus

251 1567 417 1658 pentibus.
450 1566 564 1638 Omnia
583 1591 655 1637 eam
679 1568 891 1648 combure,
917 1566 1061 1636 illudere
1084 1565 1265 1650 illuderun-
1293 1579 1326 1638 et
1349 1591 1432 1637 con-

251 1694 483 1787 prepuduatur
501 1698 538 1763 ia
556 1719 597 1764 eo
615 1719 728 1764 omnes
749 1703 865 1786 pentes
885 1703 1012 1775 terrae,
1037 1703 1070 1763 et
1089 1699 1281 1788 percutiam
1300 1719 1431 1765 omnem

254 1845 373 1916 equam
395 1825 433 1892 iu
456 1831 591 1916 stupore
616 1831 649 1891 et
670 1845 798 1891 omnem
823 1843 1031 1891 ascensorem
1055 1825 1130 1892 eius
1149 1824 1186 1891 iu
1204 1821 1431 1917 demptorem

253 1971 356 2041 super
366 1946 496 2019 mmum
505 1959 614 2020 autem
622 1947 732 2020 dadae
746 1951 897 2042 aperiam
911 1948 1022 2019 emulos
1034 1973 1136 2030 areos,
1152 1959 1185 2020 et
1201 1971 1315 2020 omues
1329 1973 1431 2044 equos

247 2075 449 2169 populorum
457 2081 646 2170 percutiam
660 2081 697 2148 iu
710 2079 889 2164 caeritum
909 2075 949 2145 ob
962 2075 1042 2145 haee
1057 2083 1090 2145 at
1104 2075 1235 2146 multum
1245 2083 1431 2168 promptum

255 2201 424 2294 lmperium
444 2225 547 2273 meum
566 2204 706 2296 seipsum
723 2209 857 2274 eodroet
876 2209 910 2272 et
928 2204 1083 2294 impetens
1102 2202 1317 2296 [impetret]
1337 2203 1432 2273 aohi-

257 2329 323 2398 bet.
358 2328 464 2398 Timet
490 2332 590 2416 enim,
619 2355 660 2402 ne
685 2331 733 2400 siu
761 2337 835 2400 ante
862 2337 991 2423 tempus
1016 2330 1140 2398 laeieus
1166 2336 1199 2399 et
1225 2328 1280 2400 tali
1308 2351 1433 2422 operae

257 2455 431 2526 seeundum
457 2480 548 2527 suum
575 2457 769 2528 desiderium
794 2479 829 2526 se
848 2477 1030 2550 apponens,
1056 2455 1154 2525 uerba
1174 2456 1274 2526 Oziae
1294 2455 1351 2548 (8,
1372 2457 1433 2548 l),
1544 2474 1548 2487 ·

256 2588 292 2652 ut
310 2606 329 2652 a
347 2583 416 2652 Deo
436 2583 611 2676 loquentis,
636 2585 763 2656 audiat:
791 2585 859 2654 eidi
876 2594 1117 2676 reposuerunt,
1145 2593 1179 2654 et
1204 2608 1272 2655 uon
1290 2609 1357 2680 per
1381 2609 1438 2654 use
1542 2648 1548 2681 ,

257 2711 419 2781 dominati
444 2721 539 2790 aaut,
572 2734 633 2780 aec
660 2715 760 2782 etiam
787 2735 839 2781 me
866 2719 1101 2803 coposuerunt.
1139 2709 1321 2802 Diligenter
1348 2711 1435 2780 enim

258 2859 362 2906 meum
381 2835 487 2906 eredit
505 2836 686 2928 lmperium‚
706 2837 794 2932 quod
812 2837 988 2908 seeundum
1006 2837 1109 2908 Deum
1129 2837 1222 2908 nobis
1241 2837 1436 2908 ambulanti·
1542 2821 1549 2904 l

259 2964 329 3044 bus,
351 2970 396 3046 et,
416 2987 498 3056 quae
518 2963 635 3034 Christi
656 2973 740 3044 sunt,
764 2989 825 3057 pro
844 2964 1048 3056 beneplacito
1068 2963 1188 3033 Christi
1206 2963 1317 3034 uleisai
1339 2965 1437 3034 festi·
1497 3047 1503 3056 ,
1544 2948 1549 2957 ’

260 3089 427 3174 nautibus,
456 3115 520 3162 nou
539 3091 643 3162 solum
662 3091 846 3162 millenariis
867 3093 1029 3162 exereitus
1048 3089 1303 3161 multitudinibus
1322 3091 1436 3184 [nora]

258 3219 483 3313 indigebimus,
500 3241 561 3288 nee
576 3220 671 3289 etiam
686 3218 948 3289 inevacuabilium
962 3217 1188 3288 thesaurorum
1201 3221 1436 3299 euaeuatione;

259 3345 317 3416 sed
337 3369 433 3439 parva
452 3369 527 3438 pars
547 3347 707 3416 exercitus
727 3351 789 3426 est,
810 3353 843 3416 et
862 3345 985 3415 modica
1004 3348 1140 3438 pecunia
1155 3347 1221 3416 oito
1235 3350 1341 3416 totum
1356 3369 1436 3441 per·
1552 3365 1553 3368 ’

261 3473 360 3543 lieere
384 3474 516 3565 poterit.
545 3473 616 3544 Hoo
636 3497 674 3542 ex
692 3471 864 3543 Ezechiela
876 3465 905 3565 ¹)
931 3473 1030 3566 Regis
1049 3472 1249 3543 Hierusalem
1268 3495 1320 3542 me
1338 3473 1439 3544 docet

260 3601 412 3692 lacryma,
427 3606 555 3671 eentum
568 3599 735 3693 octoginta
751 3600 846 3670 millia
856 3601 1063 3693 Assyriorum
1076 3621 1150 3670 eum
1164 3600 1247 3668 duee
1262 3599 1437 3692 Hampsalri

262 3725 459 3797 Hierusalem
485 3727 699 3798 obsidentium
728 3751 790 3798 una
817 3735 916 3798 noete
944 3751 1003 3819 per
1031 3727 1253 3818 euangelicam
1282 3729 1437 3797 uirtutem

263 3853 476 3934 interficiens,
503 3861 537 3924 et
562 3853 732 3947 Hampsalri
758 3854 799 3924 ad
823 3855 925 3924 Deum
950 3853 1197 3946 blasphemiam,
1226 3876 1287 3924 uec
1315 3877 1381 3925 non
1406 3861 1439 3923 et

264 3978 440 4050 Seuaeheri
466 4002 539 4050 eum
565 3981 718 4051 mittentis
745 3981 914 4052 elationem
935 3983 966 4052 in
984 3981 1105 4051 laetum
1125 3987 1339 4052 conuertens.
1369 3981 1439 4052 Hae

265 4115 298 4177 et
324 4109 462 4178 menanti
491 4107 550 4178 sub
579 4103 753 4199 Gedeon²)
779 4109 871 4200 proni
899 4107 1060 4192 bibentes,
1090 4116 1125 4178 et
1151 4109 1212 4178 sub
1239 4110 1333 4179 unius
1357 4109 1437 4178 lam-

265 4233 355 4325 padis
384 4233 483 4305 solius
510 4233 627 4304 lumine
654 4235 760 4305 omnia
788 4234 881 4304 millia
910 4235 1163 4328 alienigenarum
1192 4243 1436 4308 conuertentem

291 4493 317 4566 ¹)
337 4496 413 4548 lmmo
426 4495 505 4550 Josai.
518 4513 575 4567 cap.
585 4495 629 4550 37.
644 4497 745 4566 Regum
756 4497 822 4552 libro
847 4497 854 4638 p
902 4496 929 4569 ²)
948 4498 1017 4552 Libri
1029 4499 1150 4554 ludieum
1163 4517 1221 4571 rap.
1235 4501 1288 4554 llll.

336 4586 363 4642 2.
376 4586 418 4640 19.
