3130 5078
406 323 966 382 restem.:memonasterium
1199 313 1275 386 tlt

94 501 129 564 et
146 493 294 565 homines
313 501 389 566 tuos
408 499 635 565 manuteneant
654 500 687 564 et
707 493 901 578 defendant,
931 515 993 563 nec
1013 515 1071 563 eos
1090 493 1151 588 ipsi
1171 493 1275 565 mole·

92 627 194 703 stent,
210 645 270 692 nec
285 621 326 692 ab
341 622 409 692 aliis
424 622 545 692 faciant
560 621 738 706 molestari,
754 621 814 692 sed
827 620 1067 714 archicpiscopi
1082 627 1116 691 et
1130 621 1278 716 episcopi

89 751 317 819 molestatores
331 771 443 818 eorum
454 772 512 842 per
522 747 756 819 districtionem
772 747 1037 831 ecclesiasticam,
1053 747 1271 844 appellatione

90 882 230 960 remota,
251 881 473 970 compescant,
494 881 527 946 et
547 898 605 945 eos
624 875 665 945 ad
684 876 938 947 satisfactionem
959 875 1188 960 omnimodam,
1209 881 1276 948 tam

90 1025 155 1096 per
173 1003 536 1074 excommunicationem
560 1002 591 1071 in
615 1025 794 1096 personas,
818 1027 913 1098 quam
931 1027 992 1096 per
1010 1001 1218 1074 interdictum
1237 1003 1268 1073 in

93 1136 215 1214 terras,
237 1131 323 1200 omni
345 1129 520 1200 occasione
539 1137 690 1200 cessante
710 1129 917 1226 compellant.

181 1253 346 1327 Universis
372 1257 483 1340 etiam,
510 1263 576 1328 tam
604 1255 747 1342 clericis,
775 1279 869 1352 quam
893 1256 983 1327 laicis
1010 1255 1270 1350 crucesignatis,

91 1383 347 1455 consistentibus
365 1390 472 1456 tecum
492 1383 522 1454 in
543 1385 686 1455 exercitu
701 1385 897 1469 Christiano,
917 1385 976 1456 sub
996 1408 1055 1479 spe
1074 1383 1274 1454 remissionis

90 1517 126 1581 et
151 1510 388 1604 indulgentiae,
415 1534 507 1604 quam
528 1512 575 1581 eis
594 1512 775 1606 apostolica
793 1511 900 1584 Sedes
919 1511 1103 1607 pollicetur,
1128 1511 1273 1604 injungi·

88 1661 162 1707 mus
181 1645 215 1707 et
234 1637 434 1722 mandamus,
454 1643 490 1708 ut
509 1637 551 1708 ad
571 1637 806 1710 defendendum
827 1645 861 1710 et
879 1638 1084 1709 retinendum
1105 1637 1270 1709 Constan-

87 1763 338 1858 tinopolitanum
356 1765 540 1858 imperium,
567 1789 627 1858 per
646 1765 740 1856 cujus
759 1765 992 1836 subventionis.
1001 1765 1148 1835 auxilium
1168 1763 1273 1834 Terra

88 1897 203 1962 sancta
222 1891 347 1962 facilius
365 1892 488 1986 poterit
505 1891 545 1964 de
559 1891 766 1984 Paganorum
786 1892 932 1964 manibus
950 1891 1094 1977 liberari,
1113 1891 1171 1962 tibi
1190 1915 1272 1988 pru-

88 2017 205 2089 denter
221 2025 254 2089 01
265 2025 416 2110 potenter
435 2020 604 2100 assistant;
626 2025 660 2089 et
675 2042 736 2088 nos
756 2019 885 2090 interim
899 2019 940 2090 de
955 2001 1115 2090 succursu
1136 2019 1194 2090 tibi
1213 2043 1274 2113 pro

87 2152 229 2239 utraque
246 2151 336 2216 terra
354 2144 511 2218 mittendo
531 2146 575 2216 ita
595 2145 770 2239 disponere
788 2153 993 2242 satagemus,
1013 2145 1101 2240 quod
1120 2145 1272 2218 affectum

91 2273 188 2344 animi
208 2273 313 2345 nostri
332 2296 392 2366 per
412 2273 641 2344 exhibitionem
661 2273 771 2368 operis
791 2273 1029 2367 comprobabis.

180 2399 262 2471 illud
280 2405 398 2482 autem,
418 2399 460 2470 lili
480 2399 658 2482 carissime,
683 2400 819 2471 sollicita
839 2399 940 2472 debes
958 2401 1167 2472 meditatione
1185 2404 1269 2495 pen·

93 2550 187 2608 sare,
208 2527 314 2621 quod,
343 2531 514 2620 postquam
538 2549 676 2620 regnum
696 2529 896 2600 Graecorum
914 2529 954 2598 ab
974 2527 1159 2598 obedientia
1177 2527 1274 2599 Sedis

88 2654 292 2750 apostolicae
311 2652 459 2736 deviarit,
480 2653 520 2722 de
540 2651 623 2723 malo
643 2657 772 2747 semper
791 2653 962 2746 declinavit
984 2655 1015 2724 in
1034 2656 1142 2750 pejus,
1163 2653 1269 2727 donec

89 2805 107 2851 a
123 2781 274 2875 superbis
293 2779 335 2851 ad
353 2780 502 2866 bumiles,
522 2779 562 2850 ab
578 2779 838 2852 inobedientibus
853 2780 894 2851 ad
909 2779 1058 2866 devotos,
1077 2781 1268 2853 ascbisma·

85 2908 161 2978 ticis
193 2907 234 2977 ad
266 2907 446 2978 catholicos
474 2905 567 2998 justo
596 2907 646 2979 dei
670 2908 797 3001 judicio
826 2915 877 2978 est
902 2909 1109 2992 translatum;
1148 2916 1184 2980 ut
1210 2934 1270 3004 per

86 3032 293 3106 obedientiae
307 3035 456 3106 virtutem
470 3041 623 3128 resurgat
637 3034 678 3105 ad
691 3035 823 3116 bonum,
843 3035 931 3128 quod
949 3060 1009 3130 per
1027 3035 1269 3108 inobedientiae

87 3163 200 3234 vitium
219 3160 352 3232 defluxit
369 3161 410 3231 ad
429 3161 556 3231 malurn.

179 3289 343 3376 Quocirca
356 3288 582 3358 sublimitatem
596 3292 685 3358 tuam
699 3311 868 3360 monemus
884 3296 918 3360 et
933 3289 1142 3362 exhortamur
1156 3296 1266 3362 atten-

86 3419 164 3501 tius,
175 3417 208 3485 in
222 3416 445 3487 remissionem
459 3415 515 3485 tibi
531 3421 742 3509 peccatorum
757 3417 979 3509 injungentes,
992 3424 1150 3510 quatenus
1161 3417 1267 3488 Grae·

88 3567 202 3614 corum
220 3543 399 3614 Ecclesiam
425 3547 458 3613 et
482 3541 877 3636 constantinopolitanum
905 3543 1092 3637 imperium,
1119 3545 1206 3637 quod
1227 3544 1270 3614 ad

86 3671 324 3741 invocationem
349 3667 667 3764 apostolicaesedis
695 3671 800 3762 gratia
827 3671 886 3740 tibi
915 3670 1020 3742 diuina
1044 3671 1205 3762 subjecit,
1234 3671 1266 3740 in

87 3799 191 3890 ipsius
210 3795 394 3868 obedientia
413 3796 546 3866 studeas
565 3819 772 3880 conservare,
791 3820 852 3891 per
871 3819 965 3890 quam
985 3804 1018 3867 et
1036 3798 1140 3892 ipsum
1161 3797 1268 3890 impe·

85 3927 172 3996 rium
190 3925 249 3994 tibi
268 3924 381 3994 melius
399 3923 625 4005 conservabis3
655 3925 810 3994 attentius
829 3924 1035 4015 provisurus,
1055 3930 1093 3994 ut
1112 3923 1270 3996 ecclesia·

87 4052 172 4123 stica
191 4051 294 4133 bona,
322 4057 387 4120 tam
411 4049 600 4134 immobilia,
628 4075 722 4144 quam
748 4051 895 4133 mobilia,
925 4051 1099 4144 diligenter
1117 4051 1218 4121 facias
1238 4058 1271 4121 et

88 4177 230 4250 fideliter
258 4177 432 4260 custodiri,
467 4177 574 4250 donec
601 4201 660 4272 per
688 4185 822 4249 nostrae
850 4179 1072 4273 dispositionis
1099 4178 1267 4250 arbitrium

88 4303 264 4376 salubriter
284 4303 488 4388 ordinentur,
508 4313 555 4390 ut,
576 4330 657 4402 quae
676 4313 753 4377 sunt
772 4305 938 4389 Caesaris,
960 4307 1112 4388 Caesari,
1132 4313 1166 4377 et
1185 4330 1268 4400 quae

89 4439 167 4503 sunt
185 4431 262 4513 Dei,
283 4431 354 4503 Deo
374 4433 443 4504 sine
462 4435 654 4505 confusione
673 4434 860 4504 reddantur.

181 4557 298 4630 Datum
318 4559 437 4643 110111,
457 4561 543 4654 apud
562 4563 597 4631 S.
617 4563 762 4643 Petrum,
782 4551 934 4630 vll'ldus
953 4561 1035 4633 Nor.
