3110 5076
316 358 505 414 Pntvtnsornnr
519 357 620 412 Ansxu
633 357 665 412 ΙΙΙ
679 358 738 413 lmr.
753 359 822 413 Van.
836 375 1015 415 concessura.
1176 348 1251 421 255

67 525 137 600 Hec
150 537 266 600 asten
279 533 424 602 cernitic
443 529 561 600 delent
579 527 726 602 Venetici
741 530 884 626 Imperio
905 555 1023 602 eornm
1040 543 1073 602 et
1089 531 1253 603 Romcrrie

68 659 216 736 meere,
236 657 310 726 nni
324 660 523 750 mcnt'feetce
541 659 747 728 irrirnt'cn'cioe
764 657 885 728 labent
901 657 942 728 nl
962 657 1075 752 clipea
1091 667 1251 729 coronate

62 805 235 876 persono,
264 781 322 854 net
345 781 459 876 ‹1th
486 805 608 876 mcpne
635 791 739 861 terre,
769 785 836 866 ito,
865 784 954 878 pand
976 788 1154 856 eemitinm
1183 787 1254 878 ipsi

71 918 243 1005 nequeant
254 914 383 1004 facere,
401 913 477 982 eine
489 909 618 1003 frande
635 921 669 981 et
683 909 770 980 necle
789 913 963 1004 inpenie.“

158 1036 293 1121 ,Item
321 1036 456 1116 delent,
483 1041 545 1132 qni
565 1061 630 1131 per
657 1045 806 1132 temporo
832 1035 946 1110 linces
977 1037 1112 1110 Venetie
1140 1049 1250 1122 mnnt,

66 1160 213 1259 Imperio
247 1187 363 1236 eornm
392 1171 426 1234 et
451 1161 633 1236 heredibus
660 1187 774 1236 eornm
803 1165 963 1236 mcecnln'rr
990 1175 1023 1236 et
1049 1165 1249 1236 rnnlieribns

66 1289 300 1385 lrnperctnrir,
324 1293 399 1362 cine
423 1289 504 1384 ln‘je,
532 1293 593 1386 pni
609 1312 653 1360 ea:
671 1299 830 1385 precepto
849 1313 965 1362 eornm
983 1289 1128 1386 imperio
1147 1294 1250 1386 impc-

66 1417 203 1505 rolnnt,
226 1425 260 1488 et
272 1417 372 1510 tidem
390 1417 576 1488 cernebant
592 1419 693 1488 etiem
712 1439 785 1488 enm
804 1427 921 1488 contro
939 1442 1067 1490 omnem
1084 1417 1251 1490 hominem

1 1603 2 1650 ἦ
66 1552 264 1614 coronatum
282 1551 317 1615 et
333 1567 400 1614 non
418 1553 615 1614 coronatum
638 1543 734 1614 rclno
755 1568 806 1626 ec,
829 1543 919 1638 qnod
939 1568 1004 1639 per
1027 1548 1251 1616 inrcrnentnm
1308 1571 1377 1690 s

66 1670 186 1742 delmi
218 1667 367 1754 Venetie,
395 1670 581 1742 secundnm
607 1671 697 1766 qnod
723 1681 756 1744 et
783 1693 873 1744 nnnc
899 1671 983 1744 Dnc
1016 1672 1149 1744 Venetie
1176 1697 1251 1754 noe,

66 1797 239 1871 timeon
257 1797 450 1876 Dandnlnn
468 1791 740 1891 inrnnimue¹).“

1 2009 2 2034 χ
160 1979 180 2011 ,‚
191 1925 313 2009 Item,
338 1929 373 1998 ri
396 1929 611 1998 inimicorum
629 1925 769 2022 Imperij
786 1929 910 2022 aliquis
928 1927 1090 2000 inntltnnn
1110 1931 1246 2022 fecerit,

1 2049 2 2134 l
66 2051 110 2124 nd
121 2052 390 2147 irnpnpncnclnm
402 2053 549 2148 aliquam
567 2063 736 2124 terrorum
754 2053 965 2126 celsitudinis
983 2078 1109 2136 eornm,
1128 2059 1167 2128 in
1184 2077 1252 2149 poc
1324 2077 1376 2127 ν

66 2191 145 2252 ennt
175 2179 339 2264 Venetici,
365 2180 485 2254 delent
510 2205 584 2254 corn
610 2179 802 2278 deffendere
837 2179 1001 2262 Venetici,
1031 2189 1065 2252 et
1088 2184 1247 2252 inimicos

66 2306 237 2402 expellere
261 2306 308 2378 ecl
329 2306 527 2380 lninemcdi
551 2317 694 2390 terram,
715 2315 820 2403 proin
836 2316 998 2403 percont,
1024 2308 1111 2380 iano
1130 2307 1199 2403 pide
1216 2317 1250 2380 et

64 2438 139 2508 sine
153 2433 319 2529 fronde.“

155 2561 246 2632 Hnnc
270 2561 380 2654 itaque
404 2561 655 2634 conuentionem
680 2561 803 2632 tirmam
831 2562 1017 2634 custodient
1041 2561 1187 2634 Venetici
1213 2569 1248 2634 ct

65 2687 128 2760 hoc
148 2695 388 2760 sacramentnm
413 2689 555 2771 firmum,
584 2696 619 2762 et
636 2711 698 2760 nec
716 2687 760 2760 ob
778 2690 856 2760 iram
876 2689 953 2782 ipsis
980 2675 1100 2760 illatam
1119 2711 1249 2782 semper

64 2815 265 2888 memorandi
285 2817 493 2910 imperatoris
512 2815 631 2890 domini
650 2815 804 2886 Manuelis
823 2814 1107 2909 porphyrogeniti,
1127 2839 1188 2888 nec
1204 2817 1246 2888 ob

65 2943 157 3014 aliam
176 2942 316 3036 aliquam
334 2943 542 3014 occasionem
561 2943 640 3036 ipsis
657 2942 789 3028 iactam,
809 2967 870 3014 nec
887 2944 1070 3037 proaliquo
1090 2951 1246 3039 precepto

66 3069 116 3140 nel
146 3070 266 3140 timore
295 3067 429 3140 alicuius
458 3076 615 3142 coronate
641 3093 783 3164 persone
810 3069 863 3140 nel
890 3093 956 3142 non
987 3077 1163 3154 coronate,
1193 3073 1246 3142 uel

2 3279 3 3310 1
64 3195 164 3290 ipsius
182 3197 275 3289 regin
293 3195 493 3280 Alemannie,
513 3219 575 3268 nec
592 3219 652 3290 pro
668 3197 774 3291 aliqua
789 3197 1122 3270 excommunicatione
1136 3197 1246 3270 cccle-

66 3324 206 3408 siastica,
227 3323 281 3394 uel
299 3323 461 3394 solutione
479 3324 614 3394 alicuius
633 3325 833 3418 pontificum,
853 3333 909 3398 ant
927 3325 1027 3418 ipsius
1042 3325 1137 3419 Papae
1156 3325 1245 3396 urhis

66 3451 179 3532 Rome,
200 3449 383 3522 huiusmodi
402 3450 571 3522 uiolabunt
589 3452 837 3524 consentionem
858 3451 908 3524 nel
928 3453 1151 3522 iuramentum.
1178 3450 1245 3524 Hec

2 3549 3 3622 i
68 3585 173 3650 autem
193 3578 301 3648 omnin
320 3577 507 3650 custodient
525 3577 669 3650 Venetici
688 3579 869 3662 bonafide,
889 3578 958 3648 sinc
977 3577 1090 3650 frande
1110 3584 1144 3648 et
1162 3577 1245 3648 malo

66 3703 209 3798 ingenio,
229 3705 379 3798 quamdin
397 3705 438 3776 ab
457 3706 594 3798 Imperio
615 3729 727 3776 eornm
747 3713 782 3777 ct
800 3704 1065 3800 imperatoribus,
1086 3705 1138 3800 qni
1152 3705 1245 3776 dein-

3 3841 5 3892 t
68 3855 143 3925 cepe
170 3838 284 3914 crunt,
310 3832 440 3925 integre
466 3841 720 3916 conseruantnr,
744 3857 807 3927 qne
831 3833 925 3904 nobis
948 3832 1106 3925 promissa
1132 3839 1243 3902 sunta

3 4017 5 4028 ,
67 3961 268 4032 sanctissimo
295 3959 494 4052 Imperatore
517 3959 647 4032 donnino
670 3960 783 4032 Alexio
804 3963 969 4032 Comnano
995 3983 1055 4052 per
1079 3959 1244 4030 crisobnlo

3 4061 5 4098 ἶ
67 4083 188 4179 Imperii
209 4087 299 4170 eins,
329 4092 445 4179 etque
470 4087 599 4178 quidem
626 4088 838 4181 suprascripti
866 4085 1105 4180 prudentissimi
1129 4087 1243 4178 legati,

69 4211 264 4284 nobillissimi
290 4217 324 4282 ct
347 4211 534 4282 fidellissimi
563 4213 700 4308 lmperio
726 4237 811 4298 mco,
839 4214 1061 4307 protoscuasti
1088 4219 1120 4284 ct
1145 4195 1285 4283 Ducis'¹

96 4545 119 4617 ¹)
138 4547 325 4601 iurnnirnns
344 4547 368 4601 in
387 4553 546 4602 correctura.
