3110 5080
318 347 394 422 450
486 355 581 409 Prona
595 369 684 410 vurrr
697 351 848 410 linurreuvr
861 355 1022 410 osismus
1035 369 1072 408 rr
1085 353 1331 414 cnucrsvonaros.

406 527 441 598 Si
461 526 579 621 aliquid
596 527 760 598 residuum
778 527 894 610 tuerit,
920 525 1075 598 debemus
1099 509 1389 620 per⁴medietatem
1414 533 1499 602 inter

315 680 377 728 nos
395 663 429 726 et
442 679 501 727 vos
520 653 674 739 dividere,
695 654 802 726 donec
820 653 946 724 fueritis
961 656 1098 746 apacati.
1119 656 1153 728 Si
1168 679 1245 728 vero
1264 661 1370 730 minus
1388 659 1498 743 luerit,

314 785 377 867 ita,
406 783 493 878 qnod
517 805 582 852 non
608 783 714 878 possit
738 781 891 852 sulficere
913 779 954 850 ad
973 789 1183 853 memoratum
1202 784 1346 857 debitum
1367 784 1499 880 persol-

312 909 469 994 vendum,
497 908 720 1003 undecumque
748 909 847 980 luerit
873 907 963 1002 prius
991 905 1110 979 havere
1139 913 1350 1004 acquisitum,
1388 936 1429 984 ex
1456 935 1496 983 eo

314 1038 470 1109 debemus
495 1035 614 1107 dietum
640 1037 786 1107 ordinem
814 1033 1008 1117 observare,
1035 1033 1130 1104 salvis
1154 1045 1261 1108 tamen
1286 1039 1494 1122 victualibus,

313 1189 375 1260 que
390 1163 514 1235 debent
528 1162 694 1234 observari
710 1167 744 1233 ct
754 1160 848 1232 dividi
863 1165 928 1232 tam
939 1159 1068 1244 vestris,
1083 1185 1176 1256 quam
1188 1168 1311 1237 nostms
1323 1165 1495 1260 equaliter,

311 1294 376 1376 ita,
403 1291 489 1386 quod
515 1296 653 1386 utraque
670 1313 747 1384 pars
766 1289 872 1386 possit
896 1286 972 1358 inde
991 1310 1138 1380 congrue
1157 1291 1367 1370 substentari.
1398 1293 1496 1382 Quod

310 1426 418 1492 antem
443 1417 608 1489 residuum
633 1416 751 1500 buerit,
784 1416 897 1510 partiri
922 1415 1116 1488 debetcum
1141 1417 1204 1488 alio
1225 1420 1321 1510 juxta
1347 1423 1496 1494 ordinem

309 1546 578 1641 prenominatum.

275 1722 283 1767 5
397 1672 464 1743 llos
489 1673 584 1743 etiam
610 1677 644 1742 et
666 1669 813 1741 homines
833 1667 968 1740 Venetia
990 1667 1094 1738 libere
1113 1677 1148 1740 et
1172 1671 1341 1756 absolute,
1369 1673 1493 1766 absque

307 1801 392 1871 omni
412 1799 656 1881 controversia,
680 1821 741 1892 per
762 1803 868 1868 totum
894 1795 1065 1890 lmperium
1085 1797 1207 1868 babere
1227 1798 1358 1870 debetis
1379 1823 1490 1872 omnes

272 1926 571 2028 ¹phonorilieentias
609 1929 643 1994 et
678 1925 927 2018 possessiones,
965 1945 1046 2016 quas
1078 1924 1237 2016 quondam
1270 1929 1490 1997 consuevistis

268 2024 281 2096 'l
304 2054 446 2137 babere,
471 2053 594 2124 tamin
618 2050 855 2145 spiritualibus,
882 2071 977 2142 quam
995 2050 1027 2119 in
1046 2051 1295 2142 temporalibus,
1321 2060 1359 2123 et
1377 2075 1490 2124 omnes

260 2201 262 2206 ·
300 2183 446 2254 rationes
459 2181 526 2250 sive
541 2177 808 2260 consuetudines,
825 2199 888 2268 que
902 2181 978 2245 sunt
991 2197 1062 2246 oum
1077 2177 1202 2271 scripto
1217 2183 1252 2248 et
1266 2181 1337 2249 sine
1351 2181 1487 2274 scripto.

390 2307 519 2378 Debent
544 2305 641 2374 etiam
665 2325 722 2372 sex
747 2303 894 2374 homines
920 2303 996 2396 eligi
1022 2327 1083 2396 pro
1108 2311 1202 2398 parte
1221 2313 1349 2388 vestra,
1381 2313 1416 2376 et
1433 2329 1487 2376 sex

298 2459 360 2531 pro
379 2441 505 2518 nostra,
526 2431 579 2525 qui
595 2431 784 2523 juramento
805 2431 927 2501 astricti
946 2453 1018 2500 eam
1037 2453 1211 2524 personam
1224 2431 1349 2526 eligere
1365 2433 1486 2503 debent

298 2566 340 2636 de
359 2561 516 2644 exercitu,
536 2581 631 2652 quarn
649 2557 786 2630 credent
805 2556 918 2628 melius
937 2559 1022 2628 scire
1041 2563 1167 2640 tenere,
1195 2565 1230 2629 et
1249 2558 1366 2629 melius
1387 2583 1484 2654 posse

297 2697 428 2771 tenere,
453 2693 487 2758 et
509 2685 623 2755 melius
648 2685 734 2756 scire
759 2683 912 2755 ordinare
930 2690 1052 2754 terram
1071 2691 1106 2755 et
1124 2685 1295 2778 lmperium
1313 2685 1357 2756 ad
1377 2686 1483 2757 bono-

299 2841 368 2888 rem
385 2815 445 2886 Dei
471 2819 504 2884 et
522 2818 635 2883 sancte
654 2807 799 2882 llomane
817 2809 966 2882 Ecclesia
985 2818 1018 2882 et
1036 2814 1174 2906 lmperii.
1203 2815 1246 2885 nt
1264 2813 1293 2881 si
1311 2813 1434 2884 luerint
1450 2815 1481 2884 in

297 2967 396 3016 unum
426 2941 629 3022 concordes,
657 2939 743 3010 illum
771 2938 928 3009 debemus
956 2939 1189 3030 Imperatorem
1215 2939 1358 3024 babere,
1387 2963 1480 3034 quem

297 3073 359 3167 ipsi
378 3068 587 3142 concorditer
607 3065 779 3159 elegerint.
809 3065 845 3134 Si
863 3089 942 3135 vero
962 3089 1019 3134 sex
1038 3066 1070 3134 in
1089 3087 1184 3134 unarn
1202 3074 1349 3159 partem,
1371 3075 1407 3138 et
1426 3091 1481 3138 sex

297 3199 329 3268 in
349 3196 443 3268 aliam
461 3191 752 3274 concordaverint,
779 3215 853 3262 sors
872 3191 954 3261 mitti
975 3191 1090 3271 debet;
1120 3197 1152 3262 et
1171 3216 1271 3286 super
1290 3217 1388 3288 quern
1408 3197 1486 3266 sors'

297 3323 471 3405 ceciderit,
496 3321 652 3391 debemus
675 3341 737 3412 pro
763 3317 961 3412 Imperatore
986 3319 1128 3402 babere;
1157 3319 1242 3390 etsi
1268 3319 1381 3412 plures
1401 3345 1479 3393 con-

296 3451 459 3522 senserint
487 3448 519 3516 in
545 3469 609 3517 una
635 3452 742 3540 parte,
776 3467 871 3536 quam
900 3445 932 3513 in
960 3443 1039 3526 alia,
1069 3445 1216 3517 illumin
1247 3445 1478 3540 Imperatorem

295 3577 503 3658 babebimus,
530 3575 561 3644 in
590 3595 686 3664 quem
714 3572 818 3642 maior
844 3593 921 3664 pars
950 3575 1168 3644 consenserit.
1203 3573 1238 3643 Si
1264 3595 1345 3644 vero
1372 3574 1477 3668 plures
1537 3599 1539 3642 J

295 3710 406 3799 partes
419 3701 549 3783 luerint,
569 3723 664 3793 quam
677 3699 752 3784 due,
772 3685 872 3794 super
891 3721 986 3791 quem
1006 3700 1109 3771 maior
1123 3723 1200 3794 pars
1215 3699 1475 3784 concordaverit,

296 3831 338 3902 sit
356 3833 545 3923 lmperator.

383 3956 491 4028 Debet
509 3975 588 4026 vero
607 3953 788 4048 imperator
807 3953 870 4022 iste
888 3949 1010 4022 habere
1030 3955 1211 4024 universam
1231 3961 1381 4048 quartam
1401 3980 1473 4050 par·

291 4091 357 4154 tem
383 4082 532 4178 acquisiti
559 4079 686 4172 lmperii
710 4086 746 4150 et
768 4079 924 4173 palacium
943 4077 1125 4149 Blacherne
1145 4089 1178 4150 et
1202 4081 1344 4153 Ruecam
1362 4083 1472 4154 leonis.

292 4209 426 4304 Relique
451 4231 529 4292 vcro
561 4213 631 4278 tres
661 4209 774 4300 partes
806 4229 867 4298 per·
899 4204 1108 4276 medietatem
1140 4205 1226 4278 inter
1254 4179 1316 4282 los
1349 4217 1384 4282 et
1415 4233 1471 4280 nos

290 4335 484 4407 dividantur.

377 4461 552 4533 Sciendum
572 4467 623 4531 est
642 4461 751 4541 etiam,
772 4457 859 4551 quod
878 4457 1000 4542 elerici,
1020 4461 1074 4552 qui
1096 4460 1137 4530 de
1157 4467 1253 4554 parte
1270 4461 1324 4533 illa
1343 4464 1468 4544 luerint,

289 4590 330 4659 de
362 4613 425 4684 qua
458 4610 522 4658 non
553 4589 653 4659 luerit
685 4587 867 4680 Imperator
899 4583 1041 4669 electus,
1078 4593 1275 4680 potestatem
1309 4589 1468 4662 habebunt
