3110 5080
273 330 351 402 376
578 339 768 396 vamemau
782 337 887 391 Leams
900 335 922 390 li
935 334 1049 390 Aenea.
1062 349 1155 390 esais.

271 507 395 596 quidem
409 507 527 573 siccam
539 505 716 594 prodentes
727 508 869 594 fiyuntur
884 507 915 566 et
931 521 1056 566 ancora
1071 522 1182 566 verna
1193 507 1313 567 terram
1324 503 1458 587 findam

270 615 392 681 Adicio
405 623 509 680 antem
519 623 620 704 portu
631 617 803 686 Pellaeum,
820 612 865 678 ad
875 613 1002 696 faucem
1014 610 1154 696 fluminis
1165 611 1204 675 M
1204 633 1225 674 a
1234 613 1247 674 l
1252 611 1407 675 mistra
1418 606 1460 694 ¹),

269 725 371 789 millia
393 732 465 790 snat
485 725 606 798 decenn.
635 723 815 812 naciyando
834 743 898 808 per
920 720 1102 786 Garbimtm.
1134 721 1176 784 m
1202 719 1373 785 natandum
1401 725 1460 795 eet,

271 834 356 922 quad
370 841 493 921 puncta
516 834 597 899 dieti
616 841 727 922 portus
750 834 911 897 Pallanum
933 831 1024 894 debet
1040 851 1104 916 per
1124 829 1288 894 dimidium
1311 829 1461 894 milliaris

272 943 443 1020 honoram
459 950 490 1008 et
505 943 535 1008 si
548 943 593 1008 ad
604 945 774 1030 prefatum
786 947 916 1028 partum
932 939 1002 1026 quis
1017 940 1198 1015 accesserit,
1214 960 1310 1003 unam
1322 939 1462 1004 inveniat

272 1052 318 1117 ibi
337 1053 476 1140 pallum,
502 1052 586 1140 quad
599 1073 697 1140 snper
708 1057 832 1138 puncta
848 1049 927 1114 dicti
940 1055 1052 1134 partas
1067 1048 1226 1114 Pallas-am
1238 1051 1342 1134 {tunm
1356 1055 1463 1112 manet

272 1163 440 1238 cantiane;
464 1168 495 1226 ct
511 1167 621 1226 caveat
636 1161 697 1226 sibi
712 1182 731 1224 a
744 1160 834 1246 pallo
846 1164 961 1246 partus
972 1159 1126 1246 proxime
1140 1159 1309 1224 antedicto.
1334 1160 1361 1224 A
1376 1179 1461 1246 pra-

271 1269 359 1335 dicta
374 1275 477 1334 antem
489 1272 586 1354 fauce
598 1268 738 1354 fluminis
753 1267 937 1333 Malmistra
951 1289 1048 1354 usqne
1063 1267 1108 1331 ad
1121 1265 1267 1349 Malu)
1284 1267 1375 1333 milia
1390 1276 1463 1334 sunt

272 1379 387 1450 decem,
405 1400 514 1442 versus
529 1379 717 1466 Mayietrum
731 1397 793 1464 per
807 1375 1005 1442 Occidentem
1021 1377 1210 1464 naciaanda.
1234 1378 1320 1442 Malo
1334 1385 1462 1464 partum

272 1487 374 1556 habet.
386 1487 440 1574 qni
452 1509 556 1552 aarum
569 1509 603 1552 se
614 1487 694 1552 dnae
706 1486 799 1551 leabet
806 1485 1165 1573 parvunculaelnsulae,
1175 1507 1243 1574 qua
1254 1494 1328 1552 sunt
1338 1489 1462 1554 distan-
1549 1507 1550 1566 3

272 1604 319 1662 tes
335 1595 450 1683 qnartd
465 1595 613 1660 milliaria
630 1618 650 1660 a
666 1603 755 1662 terra
767 1597 882 1681 firmn3
905 1602 937 1658 et
951 1596 1130 1683 prodentes
1153 1601 1299 1660 tenentur
1315 1598 1360 1662 ad
1373 1597 1464 1662 lumi·
1549 1645 1551 1690 t

274 1705 357 1784 lam;
380 1727 506 1770 ancara
521 1727 595 1770 aera
611 1726 720 1769 ceram
735 1713 854 1770 terram
865 1706 989 1788 firmam
1002 1706 1154 1791 figuntur,
1169 1705 1224 1769 ubi
1237 1705 1373 1770 ducrum
1385 1729 1463 1794 pas·

272 1837 360 1880 snum
376 1837 474 1902 tuque
488 1815 534 1880 ad
547 1822 611 1880 tres
626 1836 781 1902 aquarum
793 1813 1000 1901 profunditas
1015 1817 1184 1901 reperitur.
1201 1815 1229 1880 Α
1244 1815 1332 1882 ldalo
1348 1827 1464 1896 autem,
1550 1855 1551 1858 ¹

273 1925 357 2014 qaod
368 1933 413 1989 est
425 1925 582 2012 quoddam
594 1931 742 1995 castrum,
759 1924 912 2011 usquead
923 1925 1050 2008 faucem
1060 1925 1250 2009 fluminis
1265 1925 1461 2012 Adena⁸).

273 2035 452 2122 naniyanda
472 2055 536 2121 per
553 2033 752 2100 Occidentem
776 2055 885 2098 aerem
908 2033 1110 2120 Macati-tim,
1131 2035 1234 2099 millia
1248 2044 1324 2101 satit
1339 2037 1463 2124 viciati.
1551 2077 1552 2090 ι

274 2144 414 2229 Asance
433 2143 573 2228 (laminis
593 2143 747 2208 antedicti
768 2164 866 2230 nisque
883 2143 927 2208 ad
945 2145 1071 2228 faucem
1089 2145 1279 2228 fluminis
1304 2145 1462 2232 Τανείδ)

273 2251 375 2316 millia
389 2260 462 2318 sunt
477 2252 537 2316 XX
546 2250 726 2338 naviqanda
737 2272 802 2338 per
820 2251 1019 2316 Occidentem
1034 2275 1144 2318 aarum
1159 2261 1294 2326 ventum.
1311 2255 1368 2342 qui
1381 2255 1465 2320 dici·

275 2370 327 2429 tnr
342 2363 505 2450 Mam'ster.
523 2361 659 2445 titanae
673 2383 747 2425 nero
768 2359 922 2448 Tarsi(s)
938 2384 1035 2450 usqae
1050 2364 1094 2428 ad
1110 2365 1278 2430 Curcum
1290 2363 1329 2451 ὅ),
1356 2387 1466 2430 versus

279 2473 451 2538 Garbinam
463 2467 617 2558 (νενενε)
626 2491 690 2558 per
699 2471 906 2547 Occidentem,
917 2472 970 2536 XL
978 2473 1079 2538 millia
1091 2495 1159 2538 esse
1170 2474 1341 2552 dicuntur;
1356 2497 1466 2540 caram

277 2591 381 2646 autem
396 2581 478 2646 dicta
497 2582 596 2646 Ocrea
613 2580 755 2667 quaedam
770 2579 876 2645 insula
892 2581 1060 2647 invenitur.
1084 2583 1111 2648 Α
1129 2583 1228 2648 Caeco
1245 2592 1350 2650 autem
1364 2607 1466 2674 mance

277 2692 323 2756 ad
345 2697 496 2777 punctam
519 2690 626 2774 faucis
648 2689 788 2774 flaminii
812 2690 963 2776 Salassi
974 2689 1002 2775 ⁸)
1030 2692 1133 2756 millia
1154 2701 1228 2758 sunt
1250 2695 1374 2771 decem,
1396 2716 1465 2760 etan

283 2800 421 2864 Garbina
438 2821 547 2864 versus
565 2799 766 2864 Occidentem
783 2799 973 2888 naviqando.
997 2802 1024 2866 A
1045 2801 1175 2885 flamine
1194 2825 1268 2868 aera
1291 2804 1333 2868 de
1348 2804 1467 2891 Saleffa

277 2931 377 2996 usqne
393 2908 437 2972 ad
451 2909 597 2972 Lanam
619 2909 666 2972 de
686 2908 945 2996 Lalayaeffl)
965 2911 1067 2974 millia
1082 2919 1155 2976 sntst
1169 2913 1293 2984 decem,
1316 2935 1337 2978 a
1355 2915 1467 2980 Graec

280 3026 310 3083 et
326 3040 346 3082 a
364 3017 521 3084 Garbinn:
546 3019 633 3084 dicta
654 3025 757 3084 autem
775 3027 898 3106 puncta
921 3020 961 3084 de
982 3021 1160 3107 Labaqaaa
1175 3029 1221 3087 est
1237 3023 1333 3088 valde
1349 3025 1466 3110 plexae,

277 3128 357 3193 etin
377 3127 478 3212 fundo
499 3135 572 3192 sunt
595 3150 719 3204 arena,
744 3137 775 3192 et
787 3150 924 3216 parcam
945 3129 1039 3194 liniet
1053 3151 1167 3218 aquam
1182 3132 1216 3195 in
1230 3132 1315 3198 mari
1329 3134 1409 3198 leae
1423 3135 1469 3198 ad

276 3257 371 3300 naum
397 3236 544 3300 milliare.
582 3237 609 3300 Α
632 3239 720 3302 lena
750 3259 824 3302 vero
848 3239 888 3302 de
912 3240 1087 3326 Labayaaa
1114 3261 1211 3328 usque
1238 3242 1283 3306 ad
1306 3251 1467 3330 partum

278 3346 326 3412 Pi
331 3343 455 3431 nam⁸)
472 3346 574 3412 millia
589 3353 663 3412 sunt
677 3347 735 3412 XV
737 3369 758 3412 a
771 3346 891 3433 Syracu
907 3357 938 3414 ct
950 3373 970 3414 a
981 3351 1144 3438 Maqistro.
1163 3352 1338 3418 Pradietus
1350 3361 1468 3441 partus

303 3560 329 3634 1)
348 3559 416 3615 Alibi
439 3561 590 3615 Mamista
619 3578 641 3614 ε.
664 3561 846 3626 mamistra,
874 3566 993 3620 velerum
1014 3564 1235 3638 Mopsuestit,
1263 3567 1297 3622 ad
1323 3569 1463 3642 Pyramum

350 3650 454 3714 flumen,
467 3649 528 3705 eall.
541 3651 686 3722 Forbigera
700 3651 717 3704 Ι.
732 3669 755 3705 ε.
768 3671 796 3723 p.
811 3653 871 3708 288.

306 3741 335 3816 ¹)
355 3743 375 3795 1.
388 3759 412 3796 ε.
426 3742 542 3804 ΜεΙΙο,
561 3743 622 3796 coil.
636 3743 715 3798 Foth.
729 3744 745 3797 Ι.
760 3761 783 3798 ε.
797 3761 824 3816 p.
837 3745 900 3800 283.

304 3831 333 3906 ⁸)
351 3835 370 3888 Ι.
384 3850 407 3887 e.
421 3833 567 3888 Aleuae.
594 3834 700 3887 Flumen
719 3837 889 3888 memoratum
912 3838 954 3889 est
977 3835 1092 3890 Serus.
1123 3837 1160 3891 De
1178 3838 1269 3892 Adana
1288 3841 1317 3893 et
1335 3840 1406 3896 Sura
1426 3843 1469 3896 adi

350 3925 521 3996 Forbigerum
535 3925 552 3979 l.
565 3943 589 3979 c.
603 3945 630 3999 p.
644 3925 706 3990 284,
720 3927 780 3980 coll.
794 3945 820 3997 p.
836 3927 897 3980 105.

304 4013 332 4085 ⁸)
351 4013 447 4068 Tarsi
472 4010 565 4066 flumen
589 4017 630 4066 est
652 4013 796 4086 Cydnus
825 4015 863 4068 De
886 4019 999 4088 utroque
1020 4017 1122 4072 nomine
1144 4017 1187 4072 adi
1209 4019 1383 4092 Fatbigstum
1407 4024 1425 4078 Ι.
1444 4041 1468 4080 ε.

350 4121 376 4176 p.
390 4103 451 4165 282,
467 4103 529 4157 coil.
543 4122 568 4174 p.
582 4104 644 4159 277.

301 4193 329 4266 ⁵)
350 4195 507 4266 Corycus
520 4197 637 4248 veterum
648 4195 820 4266 significatur,
834 4197 938 4252 Cursu
949 4197 1035 4252 hodie.
1050 4199 1113 4253 Vide
1124 4197 1296 4272 Foebigerum
1307 4203 1323 4257 1.
1336 4221 1361 4259 a.
1371 4206 1468 4274 paca.

305 4284 330 4356 ⁸)
350 4284 457 4337 Flumen
482 4285 605 4339 Saletti
631 4286 777 4358 (Seleucia
800 4289 942 4362 Trachon)
969 4293 1010 4344 est
1034 4290 1257 4363 Calycadnus.
1289 4295 1327 4347 De
1351 4299 1467 4368 utroque

350 4393 372 4428 ν.
386 4375 555 4447 Forbigerum
568 4377 585 4431 1.
599 4394 623 4430 a.
638 4397 665 4450 p.
678 4379 740 4437 279.
754 4381 815 4433 eali.
829 4400 855 4452 p.
868 4381 929 4436 276.

302 4465 330 4538 ⁷)
350 4463 446 4519 Nomen
461 4485 475 4521 ε
489 4467 562 4521 nobis
576 4467 687 4521 nondum
702 4470 868 4525 extricatum.

303 4552 331 4628 8)
352 4557 431 4610 Estne
445 4555 528 4611 insula
541 4557 696 4630 Pityusa.
718 4559 813 4615 ibidem
828 4561 883 4616 iere
897 4561 968 4618 sits?
