3130 5078
429 349 626 404 Corrrauarm
639 348 759 402 flerem
773 362 891 404 rnorem
902 348 962 404 tur.
976 349 1022 406 Gr.
1235 335 1307 408 571

226 523 301 617 Ego
317 520 460 596 Jaoobuo
476 521 654 592 Mastrorso
663 511 694 610 ¹)
712 505 917 590 ooneeiliator
936 541 1042 590 mmm.

224 651 298 746 Ego
317 648 508 722 Leonardue
527 646 683 742 Campnlo
702 647 899 718 camerarius
917 670 1026 718 mmes.

226 779 301 872 Ego
319 777 465 870 Angelus
485 777 623 848 Gesordo
642 774 840 846 eamerariue
860 797 968 846 mmm.

226 904 299 999 Ego
318 903 509 976 Leonardue
528 901 712 973 Gradonioo
733 923 841 975 mmm.

227 1031 301 1126 Ego
319 1031 483 1104 Johanneo
502 1029 606 1101 diemo
625 1050 735 1101 mmm.

226 1159 300 1252 Ego
320 1157 506 1230 Dominieus
523 1151 779 1251 Zanearroluo¹)
798 1179 908 1228 mmoo.

227 1286 300 1380 Ego
319 1285 505 1380 Stephanus
522 1283 743 1380 Suppanioum
762 1307 872 1358 mmso.

226 1413 302 1508 Ego
321 1411 513 1484 Leonarduo
530 1411 615 1484 Urso
635 1433 743 1484 mmee.

226 1540 300 1634 Ego
318 1539 509 1612 Leonardue
526 1539 627 1610 Boeio
646 1561 755 1610 mmee.

297 1669 370 1761 Ego
385 1665 539 1738 Nioolauo
553 1667 663 1748 tinto,
682 1665 840 1759 plebanus
852 1661 957 1736 saneti
970 1660 1095 1732 Niootai
1112 1658 1161 1756 [et
1174 1658 1314 1732 ecclesie

136 1800 249 1866 eanote
283 1793 405 1888 Sophie
442 1794 617 1866 eanonicus
653 1793 686 1863 in
719 1780 1049 1885 ConstantinopoliP)
1087 1795 1122 1860 et
1153 1786 1312 1868 notarius,

137 1921 278 2006 interfui,
299 1921 458 2016 eompleui
476 1927 511 1992 et
528 1919 693 1992 roboraui.

681 2063 775 2136 cdx.

139 2188 324 2256 taumatia
347 2189 518 2273 partitionis
545 2207 599 2272 per
622 2189 768 2252 dominu
788 2187 956 2264 lernou,
978 2183 1103 2248 tratrem
1124 2179 1315 2265 inperatorio

457 2297 785 2382 munumentum,
802 2301 833 2362 et
848 2294 998 2360 lartum

558 2421 590 2476 Δ.
603 2419 629 2476 d.
643 2421 722 2484 1205,
735 2438 768 2476 m.
781 2419 898 2476 Octobri.

227 2532 320 2598 Liber
336 2531 428 2598 dibus
450 2532 502 2598 m.
519 2528 662 2598 43-45.
686 2529 818 2598 to-to
840 2529 887 2618 (in
909 2525 1029 2614 duplo).
1052 2524 1136 2590 Libri
1152 2525 1310 2588 Paetorum

141 2643 164 2710 1.
183 2641 244 2706 roo
252 2663 262 2715 ;
284 2641 317 2715 ΙΙ,
335 2640 410 2706 254.
427 2639 536 2706 Codex
552 2641 583 2704 S.
601 2639 695 2705 Meroi
711 2640 788 2712 228.
809 2639 860 2704 fol.
878 2635 926 2710 dv,
944 2638 992 2721 qui
1009 2635 1087 2700 hune
1102 2631 1220 2698 titulum
1236 2651 1315 2717 prae-

141 2753 242 2816 mittit:
273 2751 403 2816 Paetum
429 2749 628 2816 constitutum
654 2771 676 2815 o
700 2749 823 2816 domino
850 2746 987 2814 Heorioo
1019 2745 1213 2832 Imperatore
1240 2747 1318 2806 eto

142 2859 265 2927 domino
280 2860 406 2925 Marino
423 2859 509 2925 Geno
524 2859 692 2924 Poteotote.

231 2967 347 3033 Edidit:
373 2967 572 3033 Wilkenos
595 2967 625 3030 io
644 2966 756 3032 Geoeh.
781 2966 835 3032 der
857 2965 1034 3044 Kreozzdge
1056 2963 1093 3026 Τ.
1112 2959 1137 3024 V
1165 2955 1316 3046 (Append.

139 3099 168 3163 p.
183 3077 203 3144 8
219 3076 296 3162 op).
319 3077 391 3142 item
407 3075 480 3140 Nos
497 3077 527 3140 in
543 3073 692 3158 symbolis
709 3075 831 3146 eritioie,
849 3074 1042 3138 Commentat.
1058 3069 1098 3144 Π,
1117 3089 1191 3154 pag.
1209 3067 1249 3134 21
1269 3087 1316 3151 oq.

139 3186 298 3270 Excerpsit
319 3183 441 3250 Mario
461 3183 497 3246 Τ.
514 3183 564 3258 IV,
585 3205 614 3268 p.
632 3186 674 3248 96
692 3203 771 3272 sqq,
794 3185 878 3250 ouius
892 3181 1059 3268 exemplum
1080 3182 1124 3246 sio
1140 3178 1314 3263 inscriptum

140 3294 210 3358 tuit:
232 3295 390 3369 ,Pactum
407 3294 491 3381 qood
500 3294 732 3378 seoitdominm
746 3294 912 3365 Heorimoe,
924 3296 1031 3378 frater
1045 3289 1164 3357 domini
1177 3289 1317 3376 Impera·

139 3405 216 3470 torio
233 3401 582 3490 constantinopolitani,
599 3424 668 3470 oum
682 3403 808 3469 Morino
821 3405 919 3475 Geno,
934 3403 1091 3468 Poteotote
1108 3399 1317 3466 mmmmm.

229 3535 374 3607 Noeoant
392 3557 504 3606 omnes
522 3542 589 3608 tam
606 3543 789 3631 presentes,
811 3559 905 3632 qnam
918 3535 1031 3619 futuri,
1052 3532 1139 3628 qnod
1151 3555 1211 3603 nos
1225 3533 1316 3603 Hen-

138 3664 244 3748 rioue,
269 3663 375 3733 trater
399 3661 518 3732 domini
543 3664 750 3758 imperatorio
769 3661 1119 3758 Constantinopolitani
1144 3666 1178 3730 et
1201 3658 1316 3731 mode·

139 3797 231 3862 rator
251 3789 391 3886 imperij,
411 3799 444 3859 et
456 3789 599 3861 Marinus
609 3791 713 3874 Geno,
729 3790 926 3862 Venetorum
940 3793 1092 3862 Potestas
1111 3787 1143 3858 in
1162 3786 1318 3858 Romania

140 3923 174 3988 et
197 3916 303 3986 tocius
328 3917 435 4010 quarti
460 3923 495 3988 et
521 3917 650 3989 dimidie
675 3918 818 3990 eiusdem
846 3917 975 4012 imperij
1003 3916 1201 3988 dominator:
1231 3912 1319 4010 quod

138 4065 267 4114 omnem
290 4043 527 4115 ordinationem
551 4050 585 4116 ot
610 4045 875 4116 examinationem
899 4044 1019 4116 foetam
1044 4069 1104 4140 per
1128 4044 1316 4139 portitores,

141 4170 194 4262 qui
208 4170 340 4240 inerunt
353 4171 520 4242 constituti
534 4195 594 4266 per
609 4170 770 4242 dominum
784 4171 985 4254 Balduinum,
1006 4171 1173 4242 memorati
1187 4169 1316 4264 imperij

139 4297 380 4388 Imperatorem,
401 4303 435 4368 et
453 4297 615 4370 dominum
635 4299 806 4370 Henrioum
824 4297 1017 4382 Dandnlnm,
1038 4297 1175 4368 condam
1195 4297 1319 4368 Ducem

165 4469 192 4539 ¹)
213 4469 418 4524 Mastroorao
437 4469 485 4524 ΒΡ.
781 4471 809 4542 ⁸)
829 4471 1087 4528 et...Conetant.
1100 4471 1126 4524 in
1138 4471 1253 4540 margine
1267 4471 1318 4526 bd.

62 4567 67 4580 '
164 4555 192 4630 ¹)
213 4559 427 4614 Zeneairoino
446 4561 495 4616 LP.
827 4561 951 4620 additum,
