3110 5076
362 365 553 422 Pervrnnoruu
568 381 808 422 courrrranrvorus
822 365 930 420 lernou
944 364 1003 419 lucr.
1197 351 1272 424 189

90 529 341 626 lmperatoribus
365 537 550 608 omnimode
569 537 761 609 inviolabilia
776 544 809 608 et
823 537 946 631 absque
964 535 1027 608 ulla
1048 534 1273 617 diminucione,

88 659 264 731 secumdum
283 662 370 756 qnod
389 663 437 734 eis
456 663 531 736 data
549 664 680 736 luerunt
699 673 733 736 et
752 689 926 746 concessa,
953 670 1107 760 presente
1134 663 1272 756 chryso·

88 783 163 858 bulo
178 787 279 860 verbo
298 790 426 885 Imperii
445 794 549 864 nostri
567 794 660 864 lirmo
680 798 715 863 et
733 791 902 864 inviolabili
922 814 1113 886 permanere
1134 789 1274 861 debente

89 912 119 983 in
146 915 316 1000 omnibus,
351 942 414 1012 que
447 919 611 1002 continet;
644 921 734 992 lacto
762 940 875 988 mense
903 917 1080 988 Februario
1109 916 1273 1012 presentis

91 1041 199 1132 qrnnte
222 1042 407 1116 indictionis
431 1069 488 1118 sex
512 1047 670 1118 millesimi
695 1045 920 1118 sexcentesimi
949 1045 1151 1139 nonagesimi
1171 1044 1273 1138 quinti

90 1167 179 1252 anni,
204 1169 237 1240 in
265 1195 329 1265 quo
355 1178 389 1244 et
412 1145 560 1246 nostruin
583 1174 669 1268 pium
695 1179 729 1244 ct
747 1197 766 1244 a
785 1172 848 1244 deo
867 1180 1053 1267 promotum
1071 1172 1275 1267 subsignavit

91 1293 270 1390 lmperium.

390 1425 607 1500 lsaalrius
635 1429 667 1499 in
687 1427 819 1500 Christo
839 1427 902 1498 deo
921 1425 1024 1498 tidelis
1044 1425 1223 1520 lmperator
1241 1431 1275 1497 et

537 1555 729 1628 moderator
746 1555 944 1626 Romeornm
964 1552 1120 1647 Angelus.

629 1735 737 1808 LXlll.

6 1845 7 1918 l
92 1874 275 1957 lvlatlegln
326 1879 558 1942 mutnetlonls
597 1879 722 1960 (irascit
760 1877 969 1960 luperatorls)
1010 1876 1046 1941 de
1084 1877 1275 1941 concessione

162 1985 373 2068 luperctoru
390 1988 781 2070 boastentlaepolltanmn
797 1987 851 2051 snb
867 1985 1025 2051 nllleslne
1041 1985 1207 2050 bbllllll.

502 2109 534 2164 Α.
549 2111 575 2163 d.
590 2109 668 2169 1187.
686 2125 719 2163 m.
732 2109 875 2164 Februarii.

179 2205 244 2282 bib.
258 2219 322 2283 Alb.
340 2219 526 2285 fote-1¹.
543 2219 611 2284 bib.
628 2221 709 2284 Pect.
727 2219 750 2294 l,
770 2220 845 2284 110.
865 2219 966 2284 lldidit
983 2219 1073 2283 llari
1085 2241 1113 2284 n.
1131 2220 1177 2294 lll‚
1196 2219 1273 2285 293.

180 2371 341 2458 Quoniam
359 2371 506 2443 Venetici
531 2371 572 2442 ad
596 2371 764 2466 lmperium
792 2377 939 2441 nostrum
967 2369 1163 2441 aecedentes
1182 2376 1215 2440 et
1234 2369 1275 2441 ab

92 2521 130 2568 eo
159 2497 198 2568 ad
226 2499 393 2570 seruitium
418 2497 617 2569 celsitudinis
642 2504 755 2569 nostre
779 2499 920 2592 recepti,
947 2520 1017 2568 eum
1045 2497 1181 2581 ceteris,
1212 2521 1275 2592 que

90 2625 348 2719 postulauerunt,
369 2627 409 2697 ab
429 2626 567 2720 lmperio
587 2633 701 2698 nostro
721 2627 885 2720 petierunt
900 2633 1043 2696 nostram
1059 2625 1278 2719 deposcentes

91 2753 313 2836 serenitatem,
340 2753 525 2825 confirmari
549 2759 583 2826 et
612 2754 697 2847 quod
724 2777 823 2846 super
847 2753 994 2847 practico
1015 2751 1209 2823 collatorum
1229 2753 1277 2823 eis

91 2877 121 2947 in
139 2903 257 2974 magna
276 2881 359 2950 urbe
378 2905 397 2951 a
416 2905 546 2976 semper
564 2881 774 2951 memorando
794 2881 994 2972 lmperatore
1013 2883 1047 2949 et
1065 2879 1278 2950 desideretis·

94 3005 169 3077 simo
188 3011 308 3100 patruo
328 3007 459 3100 lmperij
480 3007 602 3091 nostri,
622 3005 754 3079 domino
773 3005 922 3076 llanuele
942 3007 1122 3087 Comnano,
1148 3005 1277 3076 babita-

93 3133 234 3204 culorum
258 3133 414 3206 uidelicet
440 3141 473 3204 et
498 3133 674 3204 liberorum
699 3131 864 3218 locorum,
893 3155 953 3202 nec
980 3155 1045 3202 non
1071 3139 1104 3203 et
1126 3131 1279 3203 littoralis

93 3259 192 3344 scale,
217 3261 342 3332 laetum
362 3267 414 3332 est
433 3259 663 3356 chrysobulum
683 3259 818 3330 uerbum
838 3257 984 3330 eiusdem
1003 3282 1135 3354 sempev
1153 3282 1278 3330 memo·

93 3387 177 3458 randi
199 3391 420 3482 Imperatoris,
441 3395 601 3482 quatenus
616 3389 663 3458 sie
677 3387 766 3458 nullo
785 3386 883 3457 modo
903 3387 1120 3482 suspicionem
1140 3387 1278 3481 aliquam

93 3512 250 3599 babeant,
286 3517 457 3609 quiequam
486 3517 602 3586 borum
629 3514 704 3585 lore
732 3513 897 3584 auulsum:
928 3513 1097 3607 lmperium
1129 3521 1277 3586 nostrum

93 3639 272 3714 buiusmodi
293 3643 558 3736 deprecationem
578 3665 691 3712 eorum
710 3641 826 3712 nolens
852 3640 999 3725 abicere,
1024 3644 1168 3734 presenti
1186 3641 1277 3714 ebri-

93 3769 203 3840 sobulo
223 3793 285 3839 suo
306 3771 478 3840 confirmat
504 3767 685 3862 predictum
708 3765 938 3860 obrysobulum
959 3767 1042 3837 inter
1061 3768 1279 3862 Imperatores

8 3981 10 4002 .
94 3893 204 3966 lamosi
225 3895 438 3988 lmperatoris
452 3903 486 3967 et
505 3895 610 3989 patrui
625 3900 739 3965 nostre
757 3895 954 3978 serenitatis,
975 3894 1064 3986 quod
1083 3895 1124 3965 ad
1144 3897 1280 3968 uerbum

8 4003 10 4022 ’
95 4019 136 4092 sic
154 4023 323 4093 continet:

182 4147 250 4235 „Si
268 4175 338 4231 eos,
356 4155 418 4244 qui
436 4148 504 4242 fide
523 4157 556 4218 et
572 4147 749 4220 deuotione
767 4151 885 4242 optimi
902 4159 983 4220 sont
999 4173 1081 4244 erpo
1100 4151 1193 4233 illoc,
1221 4158 1283 4248 poi

90 4299 149 4368 per
159 4289 310 4373 temporo
325 4281 475 4372 optinent
486 4276 628 4373 lmperij
635 4276 878 4370 gubernaculo,
894 4287 1094 4372 oportunum
1108 4289 1169 4362 est,
1184 4280 1281 4374 largo

97 4401 250 4498 beneficia
275 4405 316 4474 ob
344 4407 431 4500 apsis
455 4407 631 4498 consequi,
664 4407 928 4496 inopinantem,
961 4407 995 4476 ei
1018 4409 1201 4500 contigerit
1223 4433 1281 4481 eoo

97 4533 200 4602 onim
218 4542 343 4603 statum
359 4554 561 4624 generosum
573 4529 696 4600 babere
709 4539 809 4624 atquc
826 4529 998 4612 audacem,
1018 4543 1056 4602 ot
1073 4531 1119 4603 od
1135 4535 1282 4606 similem
