3130 5082
314 367 389 438 104
719 376 806 430 Psrsr
819 375 925 429 Ponaru
939 373 1083 428 Parnasos.

399 548 544 636 Quonim
562 549 657 619 vitam
676 549 708 618 in
726 547 850 618 sublimi
870 547 1008 640 positam
1027 567 1101 616 esse
1120 545 1278 627 norimus,
1299 565 1364 614 non
1384 543 1484 612 solum
1562 579 1563 648 ξ

309 677 351 747 de
370 677 546 761 communi,
570 699 678 748 verum
706 675 802 746 etiam
826 674 867 745 de
891 675 1023 768 proprio
1043 695 1154 744 eorum
1174 677 1288 743 sancte
1306 694 1484 742 conserva·
1561 649 1563 738 l

307 805 388 875 tioni
406 803 591 876 necessaria
609 803 863 874 sumministrare
885 803 1001 896 pieque
1020 801 1200 894 largitionis
1219 798 1406 871 benefitium
1425 799 1484 868 irn-

307 934 430 1027 partire
456 932 628 1016 debemus,
654 954 695 1001 ne
713 932 799 1002 sorte
818 929 1016 1024 presentium
1034 951 1143 999 rerum
1163 927 1388 998 deficientibus
1406 925 1484 998 sub·

308 1061 396 1132 sidiis
415 1059 552 1130 divinum
572 1057 760 1152 obsequium
778 1081 820 1128 ne
838 1055 886 1128 sic
904 1057 1007 1127 miuus
1027 1055 1144 1126 devote
1161 1055 1231 1126 ficri
1248 1056 1363 1150 possit.

398 1186 603 1281 Quapropter
628 1207 688 1257 nos
712 1183 841 1278 quidem
857 1185 974 1255 Petrus
996 1181 1153 1266 Potamos,
1183 1181 1235 1253 dei
1253 1183 1360 1277 gratia
1378 1179 1487 1252 Vene-

306 1315 440 1396 tiarum,
465 1312 621 1384 Dalmatis
640 1318 736 1406 atque
757 1311 910 1384 Obroatis
927 1310 1015 1394 Dux,
1040 1333 1112 1382 cum
1131 1311 1253 1382 noemia
1266 1309 1435 1403 judicibus
1455 1316 1488 1380 et

305 1440 426 1537 populo
449 1439 672 1521 venetiarum,
703 1461 777 1510 cum
808 1439 930 1510 nostris
957 1437 1202 1510 successoribus
1231 1443 1265 1509 et
1296 1436 1484 1521 heredibus,

307 1574 546 1663 cognoscentes
578 1566 705 1660 quidem
737 1589 845 1637 rerum
878 1566 1083 1660 quarumdam
1121 1565 1349 1636 necessitatem
1382 1565 1488 1635 nostri

306 1696 413 1768 devoti
432 1695 619 1769 monasterii
632 1695 668 1764 S.
684 1693 831 1787 Georgii,
851 1693 967 1787 quibus
986 1695 1017 1763 in
1032 1691 1202 1786 cujusdam
1221 1715 1280 1764 sue
1299 1691 1486 1762 obedientie

301 1791 445 1895 'ccclesia
469 1823 500 1892 in
526 1821 662 1893 Rodisto
688 1821 793 1915 posita
811 1819 947 1914 agebat,
972 1819 1171 1914 supplicante
1195 1820 1290 1890 nobis
1308 1843 1348 1891 ac
1364 1825 1486 1912 postn-

304 1950 390 2021 lente
411 1950 540 2020 domino
560 1947 745 2032 venerabili,
765 1947 885 2032 Otene,
905 1948 1022 2019 abbate
1040 1945 1392 2042 ejusdemmouasterii
1411 1969 1486 2017 curn

304 2100 362 2148 sua
381 2077 614 2149 monachorum
633 2082 774 2159 caterva,
799 2077 1018 2146 necessarium
1038 2075 1194 2160 duximus,
1217 2074 1382 2170 presentis
1401 2097 1486 2146 con·

304 2205 462 2276 cessionis
472 2204 686 2276 stabilimento
699 2225 811 2273 eorum
824 2203 1012 2296 petitionem
1025 2203 1217 2275 confirmare
1231 2202 1263 2272 in
1276 2207 1484 2296 perpetuum.

392 2332 439 2402 Ea
458 2337 593 2426 propter
606 2335 787 2402 statuentes
801 2330 972 2401 statuimus
990 2337 1087 2426 atque
1105 2330 1325 2403 concedentes
1343 2330 1486 2424 pleniter

304 2458 530 2561 concedimus,
567 2459 624 2530 tibi
656 2481 791 2551 namque
822 2459 949 2552 prelato
982 2459 1117 2541 domno,
1155 2458 1273 2544 Otoni,
1305 2457 1485 2528 venerabili

302 2611 330 2657 a.
350 2587 485 2680 Georgii
504 2586 624 2670 abbati,
643 2593 741 2680 atque
760 2587 928 2658 Dominico
947 2587 1079 2680 presb..
1099 2592 1157 2658 tuo
1177 2585 1354 2671 monacho,
1382 2610 1486 2680 prae-

281 2711 410 2784 'dictae
429 2713 586 2784 ecclesiae
605 2715 636 2783 in
655 2713 791 2786 Rodisto
815 2715 933 2807 priori,
960 2715 1140 2807 vestrisque
1159 2713 1423 2798 successoribus,
1451 2716 1485 2785 in

302 2845 492 2934 perpetuum
516 2839 762 2935 possidendum,
790 2847 826 2911 ut
851 2841 1000 2911 videlicet
1024 2841 1142 2912 amodo
1168 2841 1199 2912 in
1224 2846 1320 2912 antea
1338 2840 1483 2935 ipsa-dei

302 2967 439 3038 ecclesia
459 2967 555 3038 vestri
575 2968 759 3037 monasterii
774 2967 957 3038 obedientia
972 2991 1048 3038 suas
1065 2968 1215 3062 proprias
1235 2967 1337 3038 rubos
1356 2973 1391 3038 et
1408 2991 1482 3038 me-

299 3100 366 3165 tras
391 3101 488 3188 atque
513 3094 619 3164 modia
637 3117 697 3164 sua
714 3093 846 3188 propria
865 3095 1074 3188 possessione
1094 3095 1230 3178 babeat,
1254 3093 1426 3189 possideat
1448 3101 1483 3166 et

297 3221 330 3290 in
346 3245 406 3292 suo
422 3229 456 3293 et
472 3221 612 3292 omnium
628 3219 789 3290 bominum
804 3222 954 3304 servicio,
975 3221 1028 3314 qui
1042 3222 1099 3294 tibi
1111 3221 1151 3314 (l.
1162 3222 1247 3317 quid
1257 3221 1325 3313 aba)
1343 3222 1481 3315 placue-

297 3350 358 3433 rit,
384 3349 565 3420 exercenda
589 3354 701 3420 teneat
719 3354 752 3418 et
770 3325 1077 3419 ad'mensurandum
1097 3349 1260 3432 exhibeat,
1291 3357 1325 3420 et
1350 3349 1481 3434 exinde,

297 3500 488 3572 quecunque
508 3477 557 3548 bis
575 3477 710 3572 prelatis
728 3476 886 3546 mensuris
904 3475 1022 3547 lucrari
1041 3476 1181 3572 poterit,
1205 3476 1306 3572 ipsius
1324 3484 1380 3548 tue
1399 3501 1480 3570 pre·

298 3603 364 3674 fate
390 3605 548 3675 eeclesiae
575 3603 687 3697 tuique
719 3604 904 3674 monasterii
932 3603 1018 3697 juris
1046 3605 1116 3674 sine
1144 3605 1284 3675 omnium
1312 3603 1480 3675 bominum

297 3731 555 3803 contradictione
572 3731 795 3826 permanserit.

383 3861 517 3951 lnsuper
538 3841 658 3941 etiam,
684 3863 720 3928 ut
745 3855 805 3928 ista
831 3857 937 3928 omnia
963 3857 1079 3951 majori
1103 3859 1279 3930 securitate
1305 3859 1480 3953 possidere

293 3982 397 4055 valeat
424 3986 494 4078 ipsa
521 3991 578 4057 tua
606 3984 760 4069 eeclesia,
795 3985 942 4055 omnibus
968 3983 1150 4057 bominibus
1178 3987 1300 4058 nostris
1327 3985 1479 4058 fidelibus

292 4111 544 4182 contradicimus
573 4119 606 4182 et
634 4111 861 4206 probibemus,
891 4113 982 4183 utin
1008 4113 1076 4206 ipsa
1105 4120 1195 4185 terra
1214 4113 1351 4185 Rodisto
1371 4113 1478 4185 nullas

292 4237 370 4308 alias
390 4261 558 4310 mensuras
577 4239 690 4311 lacere
709 4263 770 4310 nec
788 4239 909 4310 babere
927 4247 1124 4333 presumant,
1152 4247 1264 4336 preter
1282 4243 1373 4324 istas,
1394 4267 1478 4336 quas

289 4366 364 4438 buic
388 4369 516 4461 prefate
536 4369 694 4440 ecclesiae
712 4368 866 4440 babemus
886 4391 1080 4454 concessas,
1105 4377 1142 4441 ut
1163 4394 1237 4442 cum
1261 4371 1331 4442 istis
1356 4395 1476 4466 snpra·

289 4495 417 4589 scriptis
430 4497 589 4568 mensuris
604 4495 806 4567 solummodo
823 4503 856 4568 et
871 4519 935 4567 non
950 4519 1023 4568 cum
1036 4499 1105 4569 aliis
1121 4499 1269 4571 omnibus
1284 4521 1477 4573 mensurare

288 4621 438 4694 debeant.
