3120 5078
445 364 588 420 Cnnrernn
603 381 638 416 nn
654 361 925 417 Conernnrrnornr.
1202 353 1278 425 325

81 533 145 606 nhe
174 534 282 626 qued
307 557 348 605 ne
371 536 507 628 pooient
532 534 701 628 esploitier
726 533 767 604 de
791 535 853 605 che
877 533 930 627 qn'
940 535 961 604 il
986 532 1129 604 volnient
1152 533 1234 604 faire
1251 541 1285 604 et

83 660 253 732 dernient.

176 788 288 875 Qunnt
304 787 327 856 li
346 787 516 860 Venissien
535 787 641 858 virent
665 809 729 880 que
748 785 769 854 il
796 786 944 857 furenti
965 788 991 856 si
1012 794 1109 880 grant
1131 789 1283 872 mesine,

1 973 2 976 η
81 915 108 984 si
129 915 245 986 iurent
264 915 367 985 mouit
384 913 427 983 lid
447 921 481 984 et
500 914 602 984 rnonlt
624 915 743 1005 joinnt.
773 913 863 983 Dent
881 915 949 983 rint
966 913 987 982 li
1009 915 1086 998 dns,
1114 917 1141 984 si
1162 916 1228 985 dist
1249 940 1285 986 ns

82 1040 167 1110 haus
186 1043 310 1111 barone
329 1041 371 1111 de
390 1041 492 1112 l'ost:
522 1039 671 1133 qn’iiuee
690 1063 766 1110 vers
774 1034 803 1130 ¹)
830 1040 917 1108 nvnit
936 1064 1000 1110 nne
1019 1040 1084 1111 citt
1104 1042 1159 1134 qui
1179 1041 1282 1111 mouit

82 1168 136 1238 ior
160 1168 251 1239 avnit
275 1168 334 1237 fnit
360 1165 402 1236 de
426 1189 517 1238 mnus
537 1173 571 1236 et
590 1167 693 1236 mouit
711 1166 759 1235 les
786 1167 872 1235 nvnit
891 1165 1011 1257 grevd,
1039 1174 1155 1261 etque
1175 1167 1231 1236 s'il
1250 1191 1287 1237 se

1 1311 2 1355 1
84 1295 235 1365 volnient
254 1293 405 1374 acorden
434 1300 467 1362 et
486 1316 628 1364 consens
647 1293 699 1362 lnr
722 1291 883 1385 aportoit‚
908 1291 992 1384 qn'il
1013 1291 1166 1363 niniseent
1184 1315 1287 1364 avene

1 1469 2 1510 ss
84 1445 146 1490 nus
168 1426 203 1490 et
216 1419 238 1488 li
253 1419 430 1490 nidnisnent
448 1417 544 1489 eheie
558 1417 645 1488 nhitd
660 1417 679 1488 d
693 1417 848 1510 prendre,
869 1416 890 1486 ii
911 1416 962 1487 ior
977 1418 1147 1509 quitternit
1165 1419 1187 1488 Γ
1197 1420 1288 1489 avoir

1 1525 2 1552 ³
85 1545 142 1640 qn'
154 1547 175 1615 il
197 1546 307 1616 devoit
325 1547 416 1616 avoir
435 1545 534 1614 d'nue
554 1549 588 1614 et
607 1545 647 1614 de
665 1544 687 1612 l'
698 1551 821 1624 estere,
852 1548 885 1612 et
904 1543 932 1612 si
956 1542 1004 1612 ies
1028 1545 1238 1614 metteroient
1256 1543 1288 1613 ld

1 1701 2 1704 ¹
86 1673 130 1743 nd
151 1672 172 1742 ii
192 1673 242 1742 les
262 1672 453 1742 derernient
476 1693 589 1740 mener
609 1678 644 1742 et
662 1677 794 1741 mettre.
824 1669 861 1738 Li
882 1669 961 1740 hant
979 1669 1077 1740 horne
1098 1670 1206 1741 disent
1225 1695 1288 1764 que

1 1873 2 1904 ἦ
86 1798 107 1867 il
138 1821 181 1868 en
209 1797 443 1892 prendernient
462 1797 640 1868 volentiern
659 1796 784 1866 eonseii
805 1803 840 1866 et
859 1819 899 1866 en
924 1795 1126 1890 perieroient
1146 1821 1182 1867 as
1206 1797 1288 1868 hnns

1 1957 2 2002 r
86 1925 207 1996 hornen
231 1925 273 1994 de
298 1924 384 1994 l'ost
409 1931 442 1994 et
468 1947 504 1994 ns
532 1923 686 2016 pelerinn.
716 1923 739 1992 ll
765 1922 931 2016 perderent
952 1923 1096 2007 ensnnie,
1125 1929 1158 1994 et
1182 1923 1289 1994 disent

86 2076 157 2148 que
184 2051 207 2120 il
234 2051 286 2120 ior
314 2049 517 2120 estnnveroit
540 2049 586 2120 tel
612 2071 692 2120 cose
715 2049 797 2120 faire
823 2073 887 2144 que
906 2049 927 2118 ii
946 2073 988 2120 ne
1009 2050 1202 2122 deveroient
1229 2076 1289 2146 pne

1 2151 3 2280 ζ
88 2180 187 2260 faire,
208 2200 251 2246 on
266 2176 288 2246 il
302 2175 372 2245 s'en
387 2176 655 2246 retourneroient
668 2175 921 2246 honteusernent
935 2176 1071 2247 arriere.
1093 2177 1140 2246 Ld
1155 2178 1289 2248 s’annr-

1 2295 2 2354 i
89 2304 212 2375 derent
234 2303 256 2372 li
280 2301 404 2395 pelerin
424 2309 459 2372 et
477 2302 585 2372 disent
609 2325 672 2394 que
698 2301 719 2370 ii
744 2303 889 2373 fernient
913 2303 944 2372 le
963 2301 1095 2373 volontd
1115 2327 1151 2373 ns
1171 2303 1289 2374 Venis-

1 2463 2 2522 ἢ
89 2432 182 2502 niens
203 2437 237 2500 et
257 2453 320 2521 que
338 2427 359 2498 il
385 2429 505 2500 iroient
522 2427 554 2498 ld
573 2429 616 2500 od
635 2430 656 2500 ii
683 2429 872 2500 vnurrnient
896 2429 975 2500 aler.
1006 2430 1116 2515 Qunnt
1133 2431 1155 2500 li
1175 2430 1289 2502 Venis-

88 2557 164 2628 sien
183 2561 297 2626 nirent
315 2553 387 2638 che,
415 2554 493 2626 s'en
511 2556 625 2627 iurent
642 2555 745 2626 mouit
763 2554 806 2624 lid
826 2561 860 2626 et
878 2555 981 2626 moult
995 2556 1114 2648 joinnt‚
1143 2565 1176 2628 et
1194 2557 1291 2629 fieent

1 2657 2 2662 ἵ
90 2683 247 2775 carquier
271 2681 404 2764 dende,
432 2689 469 2752 et
491 2681 541 2752 ies
566 2681 789 2753 recueiliirent
813 2683 849 2752 de
874 2681 933 2752 nde
954 2688 988 2752 et
1007 2683 1043 2752 ds
1062 2684 1234 2776 miurinus,
1262 2685 1290 2753 ei

89 2811 224 2882 alerent
236 2810 256 2879 *a
268 2809 301 2880 le
314 2808 392 2892 eitd,
413 2811 487 2881 etsi
500 2811 626 2903 prisent
639 2816 725 2892 tere,
745 2815 780 2879 et
793 2810 821 2879 si
836 2815 1044 2902 nesegerent.
1070 2808 1172 2880 Chele
1186 2809 1291 2882 chite's

91 2937 222 3008 ndnon
235 2936 363 3008 Gndres
372 2936 453 3027 (en)
462 2937 673 3017 Eseinvonie3
693 2941 728 3006 et
745 2937 772 3006 si
793 2937 893 3008 estoit
910 2935 942 3004 le
961 2959 1023 3029 roy
1037 2935 1290 3030 deHongnerie.

1 3043 2 3058 ¹
187 3061 298 3148 Qunnt
315 3061 336 3132 ii
355 3084 434 3156 royn
449 3063 490 3132 de
504 3063 696 3155 Hongnerie
715 3069 751 3133 oi
771 3061 840 3133 dire
860 3085 923 3155 qne
941 3062 964 3132 li
981 3061 1108 3155 pelerin
1123 3065 1177 3157 qui
1193 3073 1290 3136 outre

92 3213 166 3261 mer
185 3189 309 3260 alnient
327 3189 456 3260 nvoient
479 3188 511 3258 le
529 3187 616 3260 ehitt
636 3189 767 3281 ansegie
788 3195 821 3260 et
840 3191 1007 3282 gnetnient
1026 3214 1063 3262 se
1082 3197 1176 3275 tere,
1203 3193 1231 3262 ei
1251 3216 1293 3264 en

92 3317 130 3386 fu
148 3314 255 3386 moult
280 3311 395 3384 dolans
421 3319 456 3384 et
477 3313 581 3384 moult
604 3313 834 3386 nonronnhids.
865 3315 890 3384 ll
914 3315 1031 3385 mnndn
1050 3339 1086 3386 as
1105 3317 1228 3387 barone
1249 3317 1291 3387 de

1 3417 2 3420 Ἴ
92 3442 180 3514 l’ost
207 3463 293 3535 pnnr
321 3441 373 3511 eoi
402 3440 423 3510 ii
453 3441 619 3532 gnstoient
645 3447 790 3524 uetere,
818 3463 875 3512 ear
896 3442 984 3511 aussi
1004 3441 1291 3514 estoitiieroisids

1 3549 2 3554 ἵ
95 3593 193 3640 nome
218 3569 241 3638 il
268 3569 410 3638 estnient
433 3573 467 3638 et
492 3590 577 3661 pour
595 3567 665 3639 aler
685 3591 725 3639 en
745 3569 776 3640 le
794 3575 871 3640 tere
887 3567 919 3638 d'
929 3574 1025 3639 outre
1048 3592 1129 3652 mer,
1158 3576 1192 3640 et
1210 3570 1293 3664 qu'il

1 3687 2 3768 J
94 3719 136 3767 ne
153 3695 313 3765 inisoient
330 3693 394 3764 mie
413 3692 475 3764 che
495 3717 558 3787 que
577 3695 701 3787 pelerin
723 3693 878 3766 dernient
896 3695 979 3765 faire
998 3695 1017 3765 d
1038 3704 1150 3780 autre,
1177 3703 1211 3767 et
1230 3721 1294 3790 qne

1 3807 2 3812 ¹
95 3844 182 3916 pour
200 3819 265 3890 Diu
284 3819 459 3890 levaissent
478 3819 521 3890 du
540 3820 654 3912 siege3
683 3826 716 3890 et
735 3819 793 3890 s'il
812 3821 959 3892 voloient
977 3821 1021 3891 du
1040 3821 1121 3903 sien,
1140 3823 1162 3892 ii
1181 3821 1234 3893 lor
1252 3845 1294 3894 en

1 4029 2 4044 ἶ
97 3947 233 4018 donroit
247 3945 266 4016 d
281 3954 380 4038 grant
393 3944 504 4041 pienti
519 3953 605 4018 etse
619 3947 698 4018 irnit
712 3969 815 4018 avenn
833 3971 891 4018 nne
907 3953 1004 4018 outre
1018 3969 1098 4017 mer.
1121 3948 1145 4017 il
1163 3948 1185 4017 li
1200 3973 1294 4020 man-

1 4051 2 4093 ³
97 4073 216 4146 derent
234 4072 371 4154 miore,
392 4071 446 4164 qu’
458 4071 479 4141 il
498 4093 540 4143 ne
559 4073 587 4144 ε’
597 4095 637 4144 en
655 4074 793 4167 pooient
811 4073 926 4166 partin,
952 4097 1009 4144 ear
1028 4073 1048 4142 il
1069 4059 1200 4144 avnient
1214 4074 1293 4167 jure'

96 4198 220 4272 l’nieue
247 4196 306 4268 des
326 4195 533 4279 Venissiens,
563 4201 591 4268 ei
618 4200 669 4270 lor
695 4200 890 4270 nideroient.
919 4199 1010 4269 Dent
1034 4199 1151 4271 manda
1173 4200 1195 4269 li
1216 4224 1293 4294 noys

99 4325 138 4396 de
157 4323 352 4417 Hongnerie
371 4323 390 4393 d
408 4322 429 4392 l'
438 4325 605 4416 apostole,
634 4349 696 4419 qne
721 4349 807 4420 ponr
832 4328 896 4398 Diu
922 4332 996 4397 eust
1023 4327 1148 4398 meretri
1174 4326 1217 4397 de
1236 4328 1293 4410 lni,

1 4607 2 4626 Χ
123 4552 151 4626 ¹)
170 4549 279 4624 Aliquid
293 4551 424 4606 excidisse
438 4552 549 4606 ridetur.
