3148 5080
293 340 345 416 54
526 351 656 407 Aunxrns
669 352 680 406 l
693 351 763 408 Vns.
777 367 874 408 nnonn
890 353 1136 412 Paorosrsnsrou
1150 371 1253 411 canen.

289 524 385 594 etiam
413 522 559 618 priuatus
592 525 747 618 quisque,
786 522 846 595 sed
882 547 944 596 nec
976 527 1209 598 monasterium
1242 525 1295 598 uel
1327 525 1484 621 templum

289 658 455 734 sanetum,
490 650 606 744 quibus
639 651 794 722 uidelicet
823 650 945 722 donata
973 653 1157 744 ergasteria
1186 653 1354 748 pertinent
1387 659 1485 747 atquc

289 777 389 862 scole,
414 785 530 850 contra
554 778 616 850 bos
640 777 830 850 monebunt.
851 779 957 850 Erunt
970 785 1079 850 autem
1094 780 1230 852 silentes
1244 787 1279 852 et
1297 783 1330 851 in
1346 781 1483 875 dispen-

289 906 418 977 satione
436 929 475 976 ac
495 905 675 977 donatione
694 905 823 1001 lmpcrii
842 906 904 976 mci
924 914 1093 978 manentes
1112 931 1203 980 uere.
1224 907 1306 980 Nam
1319 909 1348 980 si
1364 908 1484 980 uolun-

287 1035 371 1104 taria
388 1055 456 1104 non
475 1031 633 1104 donamus
653 1032 761 1125 dignis
787 1033 956 1127 accipere,
981 1057 1040 1104 seu
1060 1034 1114 1127 qui
1134 1035 1271 1106 uiriliter
1290 1043 1436 1128 egerunt
1452 1043 1487 1106 ct

288 1160 426 1232 uiriliter
445 1182 546 1254 agere
565 1158 700 1230 student
718 1163 816 1252 atque
834 1158 1032 1244 studebunt,
1062 1159 1180 1254 quibus
1199 1161 1270 1232 aliis
1291 1159 1487 1232 donabimus

288 1284 490 1381 aliquando?
530 1287 624 1380 Ergo
659 1291 693 1356 et
720 1285 929 1357 donabuntur
957 1285 1152 1358 donatorum
1181 1287 1243 1359 sibi
1276 1287 1487 1360 immobilium

216 1446 219 1456 ·
287 1414 358 1484 sine
377 1414 542 1486 ablutione
561 1419 596 1485 ct
614 1413 685 1484 sine
704 1411 894 1484 turbatione
913 1412 946 1482 in
967 1412 1122 1508 deinceps
1143 1417 1251 1486 omnia
1270 1419 1305 1486 et
1323 1421 1487 1510 perpetua

289 1545 439 1636 temporo
459 1538 639 1611 secundum
658 1539 891 1610 continentiam
912 1535 1013 1610 debiti
1033 1541 1150 1633 erponi
1171 1541 1231 1611 sibi
1255 1543 1394 1635 practici
1416 1549 1487 1614 tra-

290 1667 422 1738 ditionis
452 1689 565 1738 eorum
590 1689 609 1736 a
631 1670 730 1760 proto
760 1663 938 1759 anthypato
959 1667 1107 1760 Georgio
1137 1674 1171 1739 et
1197 1667 1326 1738 notorio
1357 1671 1488 1764 lmperii

288 1794 351 1866 mei
374 1800 412 1865 tu
429 1793 637 1878 blachitariu‚
662 1791 751 1885 quod
770 1797 804 1862 et
822 1793 948 1864 drumm
967 1793 1029 1864 erit
1048 1798 1083 1863 et
1101 1793 1218 1866 stabile
1236 1817 1276 1866 ac
1295 1795 1485 1867 inuiolabile

288 1922 322 1992 in
341 1919 509 2005 omnibus,
539 1941 603 2012 que
631 1916 886 1990 continebuntur
905 1917 936 1988 in
965 1941 1025 2002 eo,
1053 1917 1178 1990 debens
1206 1927 1241 1990 et
1267 1921 1333 1992 boc
1363 1923 1398 1992 in
1428 1923 1489 1994 illis

288 2046 521 2144 subastipulari
548 2045 704 2128 secretis,
731 2043 899 2138 inquibus
925 2051 959 2116 et
982 2068 1123 2139 presens
1141 2045 1416 2143 subsstipulatum
1435 2056 1486 2121 est

288 2175 534 2270 chrysobullion
553 2172 683 2268 Imperii
701 2171 806 2242 nostri
825 2171 857 2242 in
875 2171 1030 2242 noticiam
1045 2195 1171 2258 eorum,
1192 2197 1257 2266 que
1276 2174 1398 2248 donata
1414 2188 1490 2252 sunt

287 2302 388 2375 rectis
413 2301 497 2372 dulis
521 2299 651 2395 Imperii
678 2297 741 2368 mei
759 2297 925 2368 Ueneticis
944 2299 1038 2369 etad
1057 2298 1298 2370 deortationem
1320 2307 1489 2396 tempten-

286 2431 368 2501 tium
386 2429 448 2500 bos
467 2427 644 2498 molestare
663 2447 779 2496 eorum
796 2446 907 2494 causa.
936 2426 1043 2496 Erunt
1060 2426 1173 2518 igitur,
1194 2447 1259 2519 quc
1277 2427 1331 2497 bic
1350 2427 1489 2498 diffinite

287 2561 376 2640 sunt,
395 2561 523 2640 semota
540 2555 699 2646 firmaque
718 2553 909 2643 incorrupta
929 2556 963 2621 et
981 2573 1000 2621 a
1019 2549 1108 2620 nullo
1128 2557 1328 2647 contempte.
1349 2554 1385 2624 Si
1406 2575 1487 2624 uero

288 2683 360 2775 quis
379 2680 616 2774 contempserit
633 2677 772 2749 forsitan
791 2675 869 2770 quid
888 2697 1020 2760 eorum,
1041 2699 1104 2770 que
1123 2677 1156 2746 in
1174 2677 1240 2748 boc
1262 2677 1487 2774 obrysobullio

289 2809 449 2904 disposita
468 2813 560 2890 sunt,
589 2803 855 2876 irremissibiliter
874 2803 1025 2896 exigetur
1044 2827 1063 2875 a
1082 2810 1214 2876 secreto
1234 2811 1292 2877 ton
1313 2804 1488 2879 oicbiacon

287 2959 402 3008 aurum
419 2934 521 3004 libras
539 2933 579 3016 X,
600 2938 634 3003 et
653 2931 868 3024 quantitatem
886 2931 969 3015 cius,
989 2930 1078 3025 quod
1097 2931 1240 3002 ablatum
1254 2933 1355 3005 fuerit
1369 2956 1411 3004 ex
1427 2934 1488 3019 cis,

142 3085 146 3104 ·
287 3062 455 3156 persolvet
472 3061 505 3130 in
524 3058 742 3154 quatruplum‚
763 3057 838 3150 quia
852 3057 945 3128 lirmo
960 3079 999 3128 sc
1011 3079 1131 3128 securo
1153 3059 1313 3131 existente
1331 3069 1489 3154 presente

287 3189 341 3283 pio
362 3186 597 3283 chrysobullic,
616 3185 704 3256 lecto
725 3183 813 3255 circe
832 3184 950 3254 Maium
969 3206 1124 3267 mensem,
1145 3186 1257 3278 quinte
1276 3186 1485 3273 ludictionis‚

288 3316 321 3385 in
349 3337 434 3386 anno
463 3337 521 3384 sex
549 3311 707 3382 milesimo
736 3311 998 3405 quingentesimo
1027 3311 1265 3405 nonagesimo,
1296 3313 1330 3381 in
1359 3337 1426 3407 quo
1456 3323 1492 3387 ct

287 3448 438 3514 nostrum
456 3441 545 3537 pium
564 3445 599 3511 et
617 3462 637 3509 a
656 3437 721 3510 deo
740 3443 926 3531 promotum
946 3436 1153 3530 subsignsuit
1171 3437 1384 3532 lmperium“.

833 3615 944 3688 XXIV.

334 3745 570 3829 tlrpsobulllnnn
599 3743 694 3808 llexll
727 3741 749 3821 l,
777 3741 965 3806 lenctlcrrua
990 3741 1063 3804 llncl
1090 3739 1210 3805 titulun
1235 3741 1441 3809 lrstsscbcstl

788 3849 987 3914 concedentis.

804 3971 836 4027 t.
850 3971 876 4026 d.
890 3971 972 4029 lost.

379 4085 506 4151 Andreae
523 4084 684 4150 Danduli
701 4081 865 4148 chronicon
881 4102 909 4165 p.
929 4079 996 4147 ets
1012 4101 1076 4167 sq.:

383 4195 492 4261 litatis
514 4194 674 4260 anlcdro
697 4193 778 4258 Dnn
800 4191 1000 4279 approbator
1022 4212 1108 4256 anno
1135 4191 1257 4257 donnini
1282 4193 1388 4258 nostri
1408 4195 1491 4261 Jcsn

290 4303 412 4370 Christi
425 4304 589 4368 millesimo
606 4301 792 4388 octoposimo
809 4307 932 4388 quarto.
959 4300 1024 4378 Qui
1041 4299 1177 4389 depasti
1199 4300 1312 4386 (dlenii
1329 4300 1342 4364 l
1359 4299 1489 4390 Comn.)

288 4413 469 4478 hortatione
483 4413 644 4477 Andrcnm
659 4411 862 4486 Micbatlnn,
886 4407 1086 4476 Dominicnm
1102 4410 1253 4476 Dondnlo
1278 4417 1311 4475 et
1333 4411 1491 4480 Jacobnns

289 4521 388 4587 Aurio
411 4523 531 4610 lcpntos
549 4520 852 4608 Constantinopolim
874 4518 977 4592 misit,
1002 4525 1039 4584 nt
1052 4519 1299 4604 jurisdictiones
1314 4519 1491 4588 Dalmatio
