3110 5076
264 335 337 408 188
660 348 849 400 varunmuu
864 345 970 398 lssncu
988 344 1045 398 lue.

258 526 292 589 et
308 522 384 590 cirre
402 517 617 590 commertiis
635 517 776 588 debeont
792 513 960 588 custodiri
976 515 1097 610 ubique
1115 523 1288 584 terrorum
1307 511 1448 607 huperti

258 650 368 718 noemi
385 671 452 741 pro
471 645 541 718 biis
561 650 670 718 omnic
687 648 827 738 poneris
846 642 1039 739 speciebus,
1065 665 1149 740 quos
1168 644 1239 736 ipsi
1255 640 1297 710 ob
1316 638 1447 710 eisdem

258 774 382 846 insulis
414 775 629 856 mercobunt,
661 775 815 868 nequiuit
847 780 959 842 ouum
987 779 1082 842 tenor
1113 766 1264 862 ejusdem
1291 771 1451 863 precepti

259 900 369 972 odbnc
380 903 532 998 effectum
547 904 875 996 recipere-quom
891 897 930 968 ob
944 921 1016 968 rem
1029 905 1062 968 et
1075 918 1281 991 nucleusque
1298 893 1451 966 Venetici

258 1029 373 1100 colluto
388 1033 474 1125 ipsis
484 1054 548 1124 per
561 1026 757 1124 hujusmodi
764 1035 961 1122 preceptum
976 1024 1133 1118 beneficio
1142 1032 1271 1103 curent,
1280 1025 1449 1117 -pctie

259 1165 403 1252 euntque
420 1157 461 1226 ob
479 1155 624 1251 Imperio
643 1164 756 1226 nostro
770 1156 917 1250 precipi,
939 1161 1104 1248 quotenus
1123 1152 1331 1244 beneficium,
1359 1149 1453 1245 quod

258 1287 295 1354 in
308 1283 464 1378 predicto
482 1287 671 1356 continetur
683 1291 842 1379 precepto
856 1303 988 1375 cnnper
1000 1279 1213 1352 memorandi
1229 1277 1451 1374 Imperatoris

259 1411 388 1484 domini
406 1421 440 1482 et
450 1414 564 1506 patrm
578 1409 720 1506 Imperii
731 1412 853 1489 nostri,
873 1417 906 1479 et
926 1407 1036 1479 odhuc
1056 1418 1151 1480 curet
1167 1409 1302 1503 effectu,
1329 1405 1449 1477 mnodo

252 1541 405 1632 potiatur
419 1539 556 1634 effectu:
575 1537 751 1608 clementia
767 1543 883 1606 notho
896 1533 937 1604 ob
952 1533 1055 1628 fidem
1068 1542 1101 1605 et
1111 1537 1329 1614 seruitutem,
1348 1555 1450 1627 quom

260 1687 343 1758 erpo
361 1663 597 1734 sublimitatem
623 1672 770 1734 roocborn
790 1661 950 1734 exhibent
968 1671 1001 1733 et
1019 1660 1177 1756 deinceps
1195 1659 1360 1732 euhibere
1372 1659 1449 1754 pol·

260 1791 415 1871 licentur,
446 1791 644 1885 hujusmodi
663 1793 863 1886 peticionem
888 1813 1006 1860 eorum
1031 1787 1219 1860 exaudiens
1245 1785 1400 1858 corocedit
1420 1795 1454 1858 et

253 1921 413 2014 precipit,
425 1921 500 1990 sine
509 1919 747 2014 prohibicione
757 1941 821 2014 per
830 1921 1028 2012 montisestos
1040 1917 1185 2000 insulas,
1200 1915 1348 2012 Cpprnm
1358 1913 1452 1986 oide-
1504 2014 1508 2022 υ

260 2045 338 2116 licet
355 2055 388 2116 et
403 2046 545 2130 Cretum,
564 2070 622 2118 eoo
638 2049 823 2139 nepociori,
842 2048 975 2116 nemine
990 2043 1171 2140 quidquam
1187 2044 1228 2114 ob
1245 2048 1297 2114 eis
1311 2047 1453 2137 ccipere

252 2183 470 2268 presumente
487 2174 609 2245 borum
625 2177 750 2265 pratia,
771 2182 804 2244 et
821 2177 898 2244 eine
911 2170 1126 2244 commertiis
1142 2173 1263 2266 ubique
1277 2179 1453 2241 terrorum

259 2300 400 2396 Imperii
417 2305 526 2372 oenotri
538 2299 703 2373 custodiri
720 2300 905 2371 secundum
922 2303 1082 2395 superius
1101 2302 1247 2393 scriptos
1266 2297 1454 2368 condictio·

261 2453 333 2501 neo.
369 2428 478 2522 lpitur
503 2439 541 2500 ut
572 2440 604 2499 et
633 2432 704 2524 spei
731 2426 966 2499 certitudinem
993 2425 1137 2497 bcbeont
1162 2423 1204 2496 de
1232 2429 1270 2496 in
1296 2429 1456 2519 presenti

263 2556 460 2648 cbrpsobulo
494 2557 669 2652 diffinitis,
704 2579 846 2650 presens
880 2554 1116 2646 chrysobolum
1145 2564 1195 2624 est
1221 2556 1455 2648 compositum,

257 2689 389 2780 foetum
403 2708 516 2755 mense
534 2683 673 2755 Octubri
689 2682 886 2755 indictionis
905 2682 1081 2752 nondecime
1100 2685 1185 2753 unni
1201 2705 1264 2753 sen
1282 2681 1459 2752 mrbleeimi

264 2815 506 2908 sescentesimi
520 2813 811 2905 qninquoyessimi
826 2813 927 2890 secti,
946 2813 985 2879 in
1003 2833 1068 2902 quo
1087 2818 1121 2880 et
1139 2817 1292 2880 nostrum
1304 2811 1405 2904 pium
1424 2818 1458 2880 et

263 2962 285 3007 u
304 2937 365 3008 deo
379 2948 572 3032 promotum
589 2939 801 3030 euboipnooit
819 2935 1037 3031 bnperium“.

354 3065 424 3135 Hoc
450 3066 551 3158 igitur
579 3065 812 3160 chrysobolum
842 3065 890 3135 sic
919 3066 1092 3135 continens
1122 3065 1209 3135 beati
1234 3063 1396 3134 transitus
1424 3071 1459 3134 ct

264 3215 394 3286 semper
421 3192 619 3263 memorandi
646 3193 857 3286 Imperatoris
883 3199 917 3262 et
942 3193 1049 3284 patrui
1069 3191 1197 3284 Imperii
1217 3189 1325 3262 nostri
1344 3193 1459 3284 magni

264 3319 432 3402 Menuells,
460 3317 657 3390 confirmans
676 3324 711 3390 et
729 3326 842 3390 nostra
860 3319 966 3412 pietus
986 3343 1046 3412 per
1064 3341 1202 3412 presens
1222 3317 1459 3411 chrysobolum

264 3446 399 3516 verbum
418 3445 544 3539 lmperii
565 3447 681 3527 nostri,
702 3445 854 3516 concedit
873 3452 906 3515 et
925 3418 1080 3538 precipit,
1107 3445 1210 3538 ipsum
1231 3444 1402 3528 videlicet,
1424 3451 1461 3517 ct

265 3596 328 3666 que
346 3572 378 3641 in
398 3571 469 3664 ipso
489 3571 687 3664 chrysubulo
706 3571 808 3642 verbo
835 3572 1045 3642 notificantur
1072 3594 1203 3665 semper
1222 3571 1459 3642 memorando-

264 3721 335 3768 rum
355 3699 602 3790 Imperatorum,
623 3700 735 3790 proavi
755 3698 881 3769 scilieet
899 3699 1027 3792 lmperii
1044 3700 1149 3768 nostri
1164 3698 1266 3770 Alexii
1284 3701 1461 3783 Comnnni,

267 3831 301 3896 et
333 3825 443 3918 magni
474 3826 582 3918 putrui
611 3826 738 3919 Imperii
776 3827 880 3896 nostri
906 3825 1063 3896 iohannis
1093 3826 1270 3910 Comnoni,
1304 3827 1397 3898 firmo
1427 3836 1464 3898 et

265 3950 457 4021 inviolabilia
477 3973 668 4043 permonere
688 3952 719 4020 in
739 3952 904 4032 omnihus,
924 3975 988 4046 que
1007 3953 1187 4033 continent,
1208 3961 1243 4024 et
1264 3957 1462 4026 conservari

264 4100 424 4170 personas
443 4083 477 4148 et
494 4101 549 4147 res
563 4079 728 4148 universas
742 4078 1000 4149 fidelissimorum
1016 4077 1202 4150 celsitudini
1217 4087 1333 4151 nostre
1348 4081 1463 4153 Vene-

266 4203 406 4274 ticorum
431 4203 535 4275 salvos
561 4210 595 4274 et
623 4203 732 4275 illesas
757 4204 798 4274 ab
826 4204 912 4274 omni
937 4203 1068 4276 homine
1094 4205 1307 4278 sublimitatis
1331 4216 1461 4293 nostre,

266 4353 328 4400 nec
348 4353 413 4400 non
432 4335 467 4400 et
486 4331 526 4400 ah
546 4330 616 4424 ipso
636 4333 774 4424 Imperio
794 4336 910 4402 nostro
930 4332 961 4400 in
980 4331 1130 4402 omnihus
1145 4333 1321 4406 clementie
1341 4344 1461 4410 nostre

264 4455 379 4535 terris,
405 4461 439 4525 et
457 4457 489 4523 in
507 4461 596 4526 terro
616 4459 698 4526 etin
724 4458 813 4540 mari,
840 4456 963 4528 habere
982 4461 1017 4526 et
1034 4458 1204 4550 predictos
1225 4461 1406 4539 Veneticos
1426 4475 1463 4539 et

267 4585 417 4658 universa
435 4583 514 4681 ipsis
533 4584 610 4659 deta
629 4593 663 4660 et
681 4606 840 4656 concessa
855 4607 873 4655 a
887 4585 1067 4654 manifestis
1086 4613 1219 4690 semper
1237 4597 1464 4674 memorandis
