3120 5078
308 359 383 430 360
602 367 820 421 Sccnauurvrun
836 367 1010 428 Taenarum,
1027 381 1094 420 con.
1107 366 1192 420 Tace.

398 558 511 628 Dictus
522 557 671 628 domiuus
690 561 805 626 noster
820 579 892 641 nos,
904 557 1103 628 Gaulredum
1119 553 1353 626 marescalcum
1369 563 1403 627 et
1416 557 1484 627 llil-

308 686 416 755 lonem
432 686 473 754 de
487 685 627 754 Preuiuo
637 676 682 776 ¹),
701 683 742 754 ad
758 683 835 768 Vos,
856 692 1009 776 tanquam
1022 683 1062 754 ad
1081 683 1381 755 christianissimum
1400 684 1486 776 prin-

307 814 432 906 cipem,
456 811 649 882 fiducialiter
669 811 865 892 transmisit,
892 817 927 881 ut
945 809 1047 880 Vobis
1073 835 1111 880 ex
1135 815 1229 903 parte
1253 834 1313 880 sua
1339 810 1482 880 devotius

306 939 545 1034 supplicantes,
575 939 615 1009 ad
643 945 709 1009 tam
734 939 822 1032 pium
851 943 884 1008 et
912 937 1053 1008 salutare
1080 938 1282 1031 propositum
1301 931 1483 1027 nostrnm¹)

307 1065 495 1137 conscilium
522 1072 555 1136 et
580 1065 728 1136 auxilium
754 1066 962 1160 prestaretis;
992 1067 1064 1158 quia
1089 1071 1221 1158 paratus
1246 1071 1354 1134 estse
1380 1072 1414 1135 et
1430 1087 1482 1133 sua

307 1194 424 1264 Vestro
440 1193 596 1263 conscilio
612 1215 775 1286 exponere
789 1197 824 1262 et
838 1191 1006 1274 voluntati,
1027 1199 1060 1261 et
1078 1191 1110 1261 in
1130 1191 1290 1274 omuibus,
1312 1215 1377 1284 que
1392 1214 1484 1283 super

307 1320 370 1391 boc
390 1320 512 1390 luerint
531 1321 730 1404 necessaria,
750 1320 867 1409 Vestra
884 1317 1069 1411 procedere
1088 1317 1264 1388 voluntate.

395 1449 476 1518 Cum
501 1445 602 1540 igitur
628 1447 781 1518 destinati
809 1447 850 1516 ad
875 1447 1024 1516 Vestram
1050 1446 1248 1538 presentiam
1272 1446 1481 1526 venissemus,

306 1581 340 1644 et
357 1573 480 1656 literas,
501 1595 580 1666 quas
601 1581 751 1666 exparte
770 1574 889 1645 domini
908 1574 1011 1644 nostri
1031 1572 1132 1643 Vobis
1151 1573 1365 1666 porreximus,
1386 1571 1482 1666 hylari

306 1706 339 1771 et
358 1701 501 1794 gratuito
522 1699 702 1795 collegistis
721 1707 874 1793 aspectu,
900 1707 934 1772 et
952 1700 992 1772 ad
1012 1723 1066 1784 ea,
1093 1706 1230 1794 propter
1249 1722 1313 1791 que
1332 1699 1483 1779 venimus,

306 1826 484 1898 favorabile
503 1827 638 1898 dedistis
658 1849 860 1920 responsum.

395 1954 602 2026 Continentia
630 1960 738 2024 autem
763 1954 984 2048 predictarum
1010 1955 1192 2026 litterarum
1211 1952 1283 2023 talis
1302 1959 1373 2034 est,
1402 1951 1483 2043 quod

305 2084 490 2177 superbiis,
512 2105 574 2174 que
590 2081 690 2151 Vobis
710 2104 748 2150 ex
767 2089 861 2174 parte
879 2083 978 2174 ipsius
999 2082 1192 2166 diceremus,
1213 2080 1318 2162 nobis,
1338 2085 1482 2171 tanquan

305 2212 348 2297 ei,
368 2210 586 2280 indubitanter
604 2208 806 2317 crederetis,
827 2212 967 2280 seientes
992 2233 1052 2303 pro
1079 2215 1189 2293 certo,
1219 2207 1325 2300 quod,
1357 2206 1482 2299 quales·

304 2359 443 2430 cumque
462 2335 631 2429 pactiones
650 2335 826 2406 Vobiscum
846 2361 883 2406 er
901 2344 994 2430 parte
1013 2359 1070 2406 sua
1091 2335 1315 2418 habuerimus,
1336 2341 1482 2424 tanquam

303 2466 330 2536 si
357 2491 413 2536 eas
442 2467 472 2535 in
500 2487 641 2558 persona
675 2464 807 2556 propria
839 2463 974 2546 lecerit,
1010 2469 1097 2533 ratas
1130 2462 1262 2534 babebit
1289 2468 1323 2531 et
1352 2462 1480 2530 firmiter

307 2593 503 2664 observabit.

393 2720 428 2789 Si
449 2718 648 2812 quodetiam
672 2723 910 2788 sacramentum
929 2717 1029 2788 Vobis
1049 2717 1080 2786 in
1101 2717 1229 2788 nomine
1254 2717 1327 2808 ejus
1352 2715 1483 2786 lecisse-

303 2870 392 2930 mus,
419 2853 524 2917 ratum
548 2845 689 2926 tenebit,
717 2850 751 2914 et
775 2844 807 2914 in
834 2847 968 2915 animam
988 2869 1078 2915 suam
1098 2855 1132 2914 et
1150 2851 1301 2937 tanquam
1323 2869 1340 2914 a
1361 2867 1398 2912 se
1418 2843 1480 2934 ipso

302 2974 423 3044 laetum
442 2973 570 3067 penitus
589 2971 766 3065 reputabit.

390 3099 575 3192 Eapropter
586 3099 674 3170 dedit
686 3098 780 3168 nobis
794 3120 1048 3192 paragamenum
1063 3099 1127 3169 boc
1143 3121 1289 3179 vacuum,
1306 3120 1368 3167 suo
1380 3093 1478 3188 sigillo

302 3226 468 3308 munitum,
484 3227 516 3294 in
532 3251 594 3320 quo
610 3227 821 3308 scriberetur,
837 3226 1019 3319 predictum
1030 3224 1180 3297 comitem
1194 3231 1298 3296 ratum
1314 3231 1349 3293 et
1362 3224 1478 3293 firmum

301 3352 435 3435 babere,
457 3354 608 3448 quicquid
628 3378 688 3446 pro
709 3376 749 3422 eo
770 3352 944 3424 Vobiscum
963 3357 1192 3424 statueremus.

391 3481 573 3552 duravimus
594 3483 702 3564 ctiam,
729 3479 817 3574 quod
840 3504 901 3573 per
927 3504 987 3550 nos
1012 3487 1045 3550 et
1070 3503 1169 3572 super
1194 3478 1330 3549 animam
1349 3474 1476 3570 predicti

303 3605 422 3677 domini
452 3609 577 3691 nostri,
609 3633 670 3700 que
700 3608 910 3678 continentur
938 3607 1154 3677 instrumento
1183 3607 1364 3700 pactionis,
1397 3600 1476 3696 quod

301 3734 438 3808 fecimus
454 3733 553 3804 Vobis
575 3758 661 3805 auno
678 3735 766 3806 verbi
782 3734 938 3804 incarnati
953 3733 1121 3804 millesimo
1132 3733 1356 3804 ducentesimo
1366 3731 1475 3824 primo.

302 3860 455 3953 quodque
474 3860 588 3954 sigillis
608 3863 727 3932 nostris
747 3863 953 3943 munivimus,
981 3861 1106 3930 firmum
1127 3869 1160 3930 et
1182 3867 1287 3931 ratum
1314 3858 1476 3930 habebitur

302 4010 361 4079 per
380 4011 464 4072 eum,
486 3995 519 4058 et
536 3988 600 4058 boe
619 4011 731 4082 perse
746 3989 883 4079 jurabit,
903 3994 937 4060 et
950 3987 1031 4059 alios
1045 4013 1124 4059 suos
1134 3990 1250 4082 jurare
1268 3987 1377 4069 saciet,
1396 3981 1473 4078 quod

302 4113 346 4184 ita
368 4117 429 4184 erit
448 4117 581 4186 firmiter
600 4115 817 4186 observatum.

391 4241 507 4314 Actum
528 4266 612 4313 anno
632 4243 781 4336 predicto
804 4241 941 4326 errm,
962 4267 1074 4314 mense
1094 4244 1226 4336 Aprilis.

329 4487 354 4560 ¹)
374 4489 570 4544 Guufridum
589 4489 856 4542 marescalcbum
877 4493 910 4542 et
928 4488 1084 4543 llilouem
1104 4489 1142 4544 de
1162 4491 1307 4545 Prurino
1327 4491 1373 4544 bl'.

327 4579 355 4650 ἓ)
376 4582 520 4633 vestrum
535 4581 595 4642 LP..
609 4580 679 4650 quod
695 4581 812 4650 praestat.
