3130 5078
310 333 430 386 Tenues
446 332 611 386 Mnunocuuo
627 333 828 386 Psrnroncnnc
843 332 888 386 Cr.
903 349 1089 386 proconneso.
1213 321 1284 394 551

100 515 321 598 personatum
338 507 375 573 in
387 503 543 597 predicto
560 503 715 586 ecclesio,
734 527 841 598 neque
859 503 1093 574 Potoiomdom
1111 503 1185 594 (in)
1205 505 1289 573 tbn·

106 631 449 725 otuntinopolitnnnm,
469 635 541 702 nisi
557 635 693 702 notione
718 627 884 714 Venetnm,
904 655 1012 726 neque
1030 632 1136 701 olium
1153 635 1290 702 canoni·

108 779 197 839 eum,
216 759 289 828 noti
300 759 355 828 vel
365 761 501 829 oenone
521 757 685 838 Venetam,
703 758 759 828 uel
769 759 877 838 tolem,
897 760 958 852 qni
969 761 1006 829 in
1018 757 1132 852 olo‘qua
1150 758 1292 829 eeclesia

115 883 308 955 Venetorum
326 889 569 958 institutionem
588 885 708 958 babuit
719 909 785 980 per
803 885 1013 956 decennium.
1043 883 1089 955 lit
1105 909 1126 956 o
1144 885 1292 980 quolibet

103 1007 354 1104 predictorum,
380 1033 453 1080 meo
472 1019 620 1104 ternpore
638 1011 739 1082 electu
758 1010 814 1080 vel
830 1019 980 1105 recepto,
1000 1022 1080 1105 poet
1097 1011 1291 1083 electionem

109 1139 165 1209 vel
198 1141 423 1233 receptionem
460 1139 572 1210 monete
604 1143 734 1234 faeiem
766 1143 992 1209 iuramentum
1021 1142 1191 1232 prestari,
1229 1161 1292 1209 neo

108 1289 266 1361 umquem
290 1276 424 1360 operum
451 1265 552 1348 doto,
580 1266 671 1360 qnod
691 1263 888 1359 somndicto
911 1266 1060 1358 infrinpi
1077 1261 1217 1335 debeant
1234 1274 1293 1334 aiot

109 1396 318 1465 annuntie

202 1519 273 1589 Hoc
299 1525 537 1590 sacramentum
564 1521 594 1588 in
621 1519 751 1612 scriptis
778 1519 916 1612 publicis
941 1518 1046 1610 redigi
1073 1519 1172 1589 debet
1198 1527 1232 1589 et
1250 1519 1291 1590 ad

113 1667 225 1716 manus
244 1655 494 1738 procuratorum
515 1647 618 1716 sancti
639 1647 736 1718 blarci
757 1647 826 1716 sine
844 1645 962 1717 fraude
980 1645 1167 1716 transmitti.

203 1773 319 1843 Actum
339 1773 372 1842 in
390 1795 518 1844 camera
537 1771 744 1844 cambellnrie
763 1772 894 1844 Ducalis
912 1773 985 1843 aule
1004 1771 1193 1842 Venetiane.

202 1897 338 1990 Signum
354 1899 669 1991 suprascriptorumx
688 1897 845 1969 iohannis
864 1898 990 1970 Theodi
1010 1897 1196 1993 presbiteri,
1214 1898 1292 1969 Phi·

111 2024 188 2117 lippi
208 2024 354 2106 diaeoni,
375 2023 500 2094 Alberti
519 2023 727 2106 subdiaconi,
755 2025 878 2097 Natalis
897 2025 1028 2107 cleriei,
1055 2025 1108 2119 qui
1129 2075 1291 2096 ......

111 2149 258 2221 scribere
277 2173 342 2221 non
362 2157 550 2242 potuerunt,
570 2175 632 2244 pro
651 2175 687 2221 sc
707 2151 853 2222 scribere
868 2159 902 2221 et
920 2151 984 2222 boc
997 2147 1198 2244 rogaverunt
1211 2151 1293 2222 fleri.

272 2279 346 2370 Ego
366 2277 501 2349 ltticbacl
522 2279 720 2360 Bonifatius,
740 2280 913 2372 presbyter
927 2285 961 2349 et
975 2280 1135 2362 notarius,
1154 2284 1293 2372 rogatus

110 2405 260 2486 interfui,
281 2411 315 2474 et
333 2411 431 2496 prout
449 2405 511 2474 ridi
530 2415 563 2476 et
582 2405 706 2489 audiri,
733 2405 868 2498 scripsi,
898 2405 1055 2498 complevi
1075 2413 1109 2476 et
1128 2406 1290 2476 roboravi.

275 2533 348 2624 Ego
368 2532 530 2614 vivianus,
550 2535 704 2625 scriptor,
727 2535 873 2604 notarius
893 2541 926 2602 et
945 2533 1039 2604 iudex
1059 2533 1177 2603 domini
1203 2533 1292 2604 tlen-
1423 2571 1426 2583 ν

109 2661 180 2742 rici,
200 2661 417 2730 Romanorum
433 2661 652 2754 Imperatoris,
673 2661 869 2730 autenticum
890 2660 984 2731 huius
998 2660 1060 2730 vidi
1079 2669 1114 2732 et
1130 2660 1209 2754 legi,
1230 2683 1291 2730 uec

110 2785 218 2856 addidi
238 2808 300 2857 nec
320 2787 428 2870 minui,
448 2787 506 2856 nisi
526 2787 613 2881 quod
631 2787 662 2857 in
679 2811 719 2858 eo
734 2787 852 2867 inveni,
871 2787 1009 2882 ideoque
1028 2787 1167 2858 tideliter
1182 2809 1292 2861 exem-

110 2912 194 3007 plavi
214 2920 248 2984 et
266 2915 399 3007 propria
419 2937 513 2984 manu
532 2915 654 2986 firmavi
674 2922 772 3008 atquc
791 2915 980 3007 subscripsi.

632 3095 768 3166 uxbvr.

108 3217 230 3282 lbonos
246 3217 450 3300 dourooenus,
475 3220 644 3282 lotrtorcba
660 3217 1018 3300 tonsiontlnopotltonus‚
1034 3219 1182 3282 llmlestos
1198 3217 1290 3281 lene-

109 3331 222 3406 toron,
260 3325 516 3410 Constantinopoli
548 3330 661 3411 positos
694 3334 724 3392 et
756 3328 931 3393 romarus
962 3326 1104 3390 brisiensi
1136 3345 1188 3390 seu
1223 3325 1293 3388 ollis

109 3436 254 3535 troelptls
280 3436 581 3519 terminationes,
608 3439 644 3501 ob
666 3440 743 3501 omni
763 3437 949 3503 latrioroboe
971 3435 1293 3518 bonotootlnopolttoni

407 3548 591 3629 subjectione
607 3552 759 3631 exe-ptos
775 3567 841 3612 esse
855 3547 998 3612 declarat.

497 3661 528 3715 Α.
542 3661 567 3714 d.
582 3661 661 3724 1205,
675 3660 717 3716 dio
730 3661 773 3716 tt.
790 3679 826 3716 m.
838 3660 906 3714 binii.

200 3761 354 3824 Ecclesiae
377 3760 509 3826 Venetae
535 3764 654 3846 antiqua
677 3769 863 3828 monumenta
886 3765 933 3825 ed.
956 3760 1177 3824 Flaminius
1200 3759 1288 3822 Cor·

110 3869 258 3956 aelius,
281 3868 403 3934 decadis
418 3871 455 3933 Xl
476 3877 559 3953 parte
576 3871 760 3954 posteriore,
784 3890 852 3954 pag.
871 3868 1075 3934 aaudiat.
1103 3869 1145 3931 ldx
1168 3869 1290 3932 archivo

111 4000 137 4042 s.
155 3975 280 4062 Georgii
297 3977 420 4061 majoris
437 3977 637 4043 venetiarum.
823 3981 827 3986 '

199 4128 233 4198 ln
253 4129 381 4199 nomine
398 4129 526 4200 Domini
545 4127 604 4199 uei
625 4136 659 4199 et
677 4129 849 4200 salvatoris
870 4129 971 4198 nostri
991 4127 1069 4197 Jesu
1090 4126 1222 4198 Christi.

200 4255 295 4326 Auno
316 4255 546 4326 incarnationis
567 4256 713 4348 ejusdem
735 4255 902 4327 millesimo
923 4254 1144 4324 ducentesimo
1166 4253 1290 4347 quinto,

111 4381 230 4451 mensis
245 4381 339 4452 bladii
354 4383 405 4454 die
421 4381 661 4478 quintodecimo
675 4383 828 4466 intrante,
844 4381 959 4453 eodem
976 4404 1099 4464 mense,
1115 4380 1292 4452 indictione

112 4514 240 4579 octava.
271 4509 408 4578 Rrvonurr.
