3110 5080
292 343 368 415 432
623 354 717 411 lurcos.
731 353 869 408 marran.
883 368 919 407 au
932 352 1020 407 Auen.
1032 353 1065 410 lV
1076 353 1135 409 lar.

381 523 566 596 Gaudemus
586 531 693 596 autem
712 526 744 595 in
763 523 913 606 Domino,
933 529 967 596 ot
985 523 1027 608 ei,
1047 526 1100 618 qui
1115 523 1300 596 dominatur
1312 523 1345 592 in
1361 544 1466 615 regno

290 651 464 734 bominum,
485 658 519 722 et
533 652 585 722 cui
601 653 749 737 voluerit,
769 651 857 722 dabit
870 651 959 734 illud,
978 653 1156 746 gratiarum
1170 650 1347 722 exolvimus
1358 650 1465 720 actio-

289 802 359 863 nes,
380 779 466 874 quod
485 779 571 873 pium
589 779 646 850 tibi
665 779 824 874 propitius
843 777 1009 872 inspiravit
1027 779 1192 861 affectum,
1210 783 1246 848 ut
1260 776 1466 848 desiderares

289 906 541 976 eeclesiasticam
579 907 752 990 unitatem,
791 911 825 976 et
855 912 893 976 ut
928 906 1105 978 membrum
1137 906 1177 977 ad
1209 911 1309 999 caput
1339 911 1373 975 et
1404 903 1466 972 lilia

289 1037 471 1104 revertatur
496 1032 537 1102 ad
562 1039 713 1118 matrem,
743 1040 777 1104 et
800 1033 1157 1128 Constantinopolitana
1182 1032 1349 1116 Ecclesia,
1383 1053 1466 1122 quae

288 1159 488 1252 apostolicae
507 1159 584 1229 Sedi
611 1159 710 1230 multo
735 1166 886 1254 tempore
911 1159 1094 1231 devotionis
1114 1158 1257 1230 debitum
1276 1157 1464 1250 denegarit,

288 1287 501 1359 reverentiam
521 1286 567 1371 ei,
603 1286 817 1358 obedientiam
843 1295 877 1358 et
901 1288 1060 1359 honorem
1088 1285 1248 1369 exhibeat,
1277 1285 1464 1366 affectares,

288 1415 374 1486 sicut
392 1415 500 1498 etiam,
520 1413 625 1484 adhuc
644 1415 716 1486 exul
735 1437 808 1486 cum
828 1437 931 1497 esses,
951 1415 983 1484 in
1003 1421 1115 1485 nostra
1134 1413 1319 1506 praesentia
1337 1409 1465 1484 consti-

287 1547 378 1612 tutus
397 1539 568 1612 asserebas
592 1549 627 1614 tc
651 1541 730 1612 totis
749 1541 928 1612 visceribus
947 1541 1111 1612 affectare.
1143 1539 1186 1612 Ut
1204 1545 1314 1610 autem
1333 1537 1464 1609 deside-

286 1669 368 1739 rium
387 1674 477 1738 tuum
495 1667 621 1761 plenius
639 1667 893 1752 demonstrares,
918 1674 953 1739 et
971 1668 1011 1738 ad
1030 1667 1061 1738 id
1079 1666 1220 1762 populos
1238 1665 1296 1736 tibi
1314 1664 1464 1736 subditos

288 1795 433 1889 exemplo
453 1794 625 1866 induceres
645 1794 769 1879 melius,
790 1817 882 1889 quam
902 1816 1065 1878 sermone,
1086 1792 1185 1863 semel
1204 1791 1275 1864 exul
1294 1792 1464 1864 etiterum

287 1921 487 2006 sublimatus,
509 1919 696 2012 juramento
715 1921 867 2005 firmasti,
892 1928 927 1992 te
946 1943 1072 1991 omnem
1092 1920 1298 1991 devotionem
1316 1917 1411 1990 nobis
1430 1927 1466 1989 et

286 2049 407 2118 nostris
421 2049 666 2120 successoribus
678 2051 907 2143 impensurum,
927 2069 1021 2142 quam
1035 2053 1264 2118 antecessores
1277 2047 1335 2128 tui,
1355 2045 1463 2138 lmpe-

285 2183 414 2246 ratores
434 2175 602 2259 Catholici,
621 2175 930 2268 praedecessoribus
944 2176 1079 2258 nostris,
1098 2173 1244 2267 patribus
1259 2172 1464 2254 orthodoxis,

286 2301 437 2372 Romanis
449 2300 672 2384 Pontificibus,
688 2311 868 2374 noscuntur
881 2303 1056 2395 antiquitus
1070 2300 1282 2394 impendisse;
1297 2301 1463 2394 promisso

285 2429 419 2520 pariter,
440 2429 537 2520 quod,
558 2431 801 2523 opportunitate
820 2451 991 2512 concessa,
1012 2428 1210 2500 Orientalem
1224 2427 1407 2498 Ecclesiam
1421 2426 1463 2496 ad

284 2554 316 2623 id
335 2553 513 2647 prudenter
531 2555 696 2626 inclinabis
715 2555 837 2651 pariter
855 2562 890 2626 et
906 2559 1070 2650 potenter,
1096 2555 1181 2626 sicut
1199 2577 1259 2648 per
1277 2551 1465 2647 Imperiales

284 2681 377 2751 nobis
395 2681 506 2752 literas
523 2681 688 2754 intimasti.

374 2809 479 2892 Sane,
502 2809 528 2878 si
548 2809 644 2880 dictis
662 2811 749 2882 facta
768 2833 979 2908 compenses,
999 2817 1033 2882 et
1052 2809 1139 2904 quod
1157 2807 1322 2904 polliceris
1341 2806 1463 2888 verbis,

284 2935 437 3028 operibus
456 2938 639 3028 exequeris,
658 2937 762 3008 Deum
780 2937 838 3008 tibi
855 2937 974 3008 reddes
992 2937 1177 3033 propitium,
1197 2959 1291 3029 quem
1305 2937 1338 3004 iu
1351 2934 1463 3005 bono-

282 3061 440 3132 rificentia
456 3085 533 3132 suae
548 3085 689 3156 sponsae
701 3065 894 3160 probaberis
908 3065 1085 3146 bonorare,
1106 3085 1144 3135 ac
1158 3070 1291 3157 practer
1309 3063 1352 3145 id,
1373 3060 1463 3154 quod

283 3191 353 3283 ipse
379 3189 549 3282 lmperium
575 3195 664 3261 tuum
690 3191 843 3264 solidabit
867 3193 899 3262 in
924 3214 1022 3286 pace,
1051 3191 1230 3286 apostolica
1253 3189 1358 3262 Sedes
1384 3187 1463 3258 illud

281 3315 425 3386 studebit
442 3314 622 3388 efficaciter
640 3317 811 3390 roborare.
840 3320 921 3390 Cum
934 3320 1017 3389 enim
1031 3341 1092 3413 per
1103 3318 1293 3390 Latinorum
1305 3315 1460 3404 ,auxilinm

279 3449 355 3535 post
374 3442 513 3512 divinum
531 3443 576 3514 sis
596 3445 734 3538 lmpcrio
754 3446 936 3530 restitutus,
957 3445 1058 3518 debes
1077 3467 1142 3516 non
1161 3445 1321 3515 immerito
1336 3443 1462 3512 Roma-

281 3591 353 3638 nam
372 3568 552 3640 ldcclcsiam
580 3569 761 3655 bonorare,
788 3574 882 3667 cujus
911 3573 964 3644 filii
990 3573 1047 3643 tibi
1074 3571 1183 3643 taliter
1208 3572 1398 3652 astiterunt,
1427 3577 1462 3638 et

279 3719 362 3790 quae
380 3703 459 3790 post
476 3697 579 3768 Deum
605 3699 662 3770 tibi
682 3705 715 3770 et
734 3699 1093 3793 Constantinopolitano
1119 3698 1256 3793 lmperio
1281 3697 1461 3792 praecipue

278 3823 402 3916 poterit
419 3825 638 3895 necessarium
658 3827 872 3919 patrocinium
891 3825 1057 3922 impartiri.

370 3949 439 4022 Hoc
455 3957 563 4022 autem
578 3949 724 4037 dicimus,
744 3977 808 4025 non
824 3961 860 4024 ut
874 3953 1043 4025 ambitiose
1063 3953 1235 4024 dominium
1254 3952 1460 4033 affectemus,

278 4075 337 4147 sed
357 4084 392 4148 ut
410 4079 556 4150 officiose
574 4079 783 4152 ministerium
803 4081 1033 4175 impendamus,
1054 4083 1126 4176 ejus
1145 4079 1303 4175 exemplo,
1323 4080 1377 4172 qui
1392 4101 1460 4148 non

278 4205 364 4276 venit
382 4205 564 4290 ministrari,
585 4206 644 4276 sed
662 4207 856 4293 ministrare,
876 4233 937 4280 nec
951 4216 988 4280 ut
1006 4209 1207 4280 dominemur
1225 4209 1257 4277 in
1276 4205 1378 4287 clero,
1397 4207 1460 4276 sed

277 4333 382 4406 forma
418 4335 531 4428 gregis
569 4334 744 4406 efficiamur
776 4359 815 4405 ex
846 4337 971 4420 animo;
1010 4338 1083 4429 quia
1114 4336 1277 4431 principes
1308 4333 1459 4427 gentium

279 4461 482 4533 dominantur
501 4485 626 4545 eorum,
646 4463 750 4556 etqui
769 4469 965 4556 potestatem
984 4463 1105 4534 babent
1123 4465 1207 4534 inter
1226 4485 1297 4546 eos,
1318 4461 1460 4532 benefici

278 4595 521 4681 nuncupantur;
551 4590 635 4660 inter
661 4589 838 4683 discipulos
864 4598 971 4661 autem
991 4590 1110 4663 Christi
1136 4613 1200 4660 nou
1224 4577 1290 4673 sic,
1320 4589 1378 4659 sed
1402 4591 1461 4682 qui
