3130 5082
320 357 393 430 150
493 369 614 424 binuoau
626 369 685 424 issa.
698 385 804 424 saeuos
818 369 958 423 venerans
974 385 1091 431 seusun,
1104 383 1160 422 uox
1173 383 1314 422 sonorus.

404 541 478 635 Ego
508 541 636 614 Gabriel
661 541 831 624 Paulinus,
861 541 1006 611 notarius
1037 545 1070 610 ot
1098 539 1221 610 ducalis
1251 540 1324 612 auis
1352 537 1498 611 Veuecie

314 667 538 751 cancellarius,
558 669 773 739 auctenticum
794 667 885 738 buius
906 667 1054 761 exempli,
1073 665 1179 760 sigillo
1197 667 1351 760 plumbeo
1370 666 1498 760 sigilla·

313 801 392 878 wau,
413 793 478 864 uidi
497 802 530 864 et
548 793 631 888 legi3
661 802 695 866 ct
713 795 797 866 sicut
815 795 847 865 iu
867 796 1051 866 auctcutico
1072 794 1308 877 continebatur,
1333 794 1379 864 ita
1405 801 1440 865 et
1465 795 1497 864 iu

312 921 376 992 isto
396 921 583 992 continetur
594 920 753 1014 exemplo.
778 921 918 1016 Ideoque
937 944 1010 993 mco
1030 923 1163 1016 proprio
1183 923 1277 1015 siguo
1294 923 1401 1014 ipsum
1417 945 1497 992 cou-

312 1048 468 1120 rohoraui
487 1049 528 1119 ds
546 1049 697 1120 mandato
717 1049 835 1120 domiui
853 1049 968 1120 iacobi
983 1049 1133 1142 Teupuli‚
1152 1047 1251 1120 incliti
1270 1049 1370 1120 Ducis
1386 1048 1498 1120 Vsus·
1543 1149 1545 1152 Α

312 1177 373 1256 cis,
393 1184 546 1248 currente
565 1199 651 1248 auuo
671 1175 791 1246 domini
809 1177 912 1248 nostri
930 1177 1032 1246 Jhesu
1045 1169 1164 1248 christi
1185 1175 1352 1247 millesimo
1366 1176 1496 1248 duceu-

311 1305 428 1374 tesisuo
448 1305 697 1398 quadragesimo
717 1309 829 1388 sexto,
854 1325 965 1374 meuse
983 1303 1075 1397 idaij,
1104 1304 1279 1375 indictione
1298 1310 1435 1396 quarta,
1464 1305 1496 1374 in

312 1431 432 1524 palatio
453 1431 590 1503 ducatus
608 1431 762 1503 Veuecie

853 1575 949 1647 LXII.

432 1702 547 1766 {suasi
563 1703 727 1786 iupsrstss
742 1701 845 1765 iactas
861 1701 999 1764 sensns
1015 1701 1134 1783 rumpit,
1150 1717 1217 1764 usu
1234 1707 1372 1766 renovat.

765 1826 796 1880 Α.
810 1825 837 1879 d.
850 1823 1037 1878 mae-1175,

400 1937 568 2002 Andreas
583 1935 783 2002 Dauduius
799 1937 829 1999 iu
846 1937 999 2007 chronico,
1022 1955 1051 2018 p.
1070 1935 1132 2000 291
1152 1954 1236 2020 sqq.:
1260 1936 1419 2000 manuel
1432 1935 1495 2001 lm·

309 2053 440 2131 perator
451 2045 817 2136 Constantinopolitanae
828 2045 893 2110 suis
905 2044 1026 2110 nuntiis
1038 2064 1107 2110 cum
1121 2043 1285 2108 Guilielmo
1296 2066 1373 2132 repe
1377 2065 1495 2131 pacem

310 2156 491 2243 composuit,
515 2163 546 2220 ct
561 2156 684 2221 vinculo
694 2155 873 2241 juramenti
886 2153 1023 2219 Mariam
1039 2155 1106 2239 ejus
1119 2153 1260 2240 percitam
1276 2153 1347 2242 rapi
1361 2155 1396 2218 in
1411 2177 1496 2220 aaa·

309 2286 375 2329 rcm
390 2265 520 2329 tradere
530 2265 696 2352 promisit:
718 2266 775 2330 sed
788 2285 858 2330 eum
873 2263 1049 2338 desisteret,
1071 2262 1208 2328 schisma
1223 2265 1309 2328 irster
1324 2286 1378 2328 eos
1389 2266 1496 2330 mua

310 2373 479 2440 reviviscit.
515 2374 601 2438 Tunc
621 2373 775 2438 Emanuel
795 2379 861 2437 tres
882 2373 1002 2460 Iepatos
1026 2393 1093 2436 cum
1117 2373 1218 2437 tribus
1238 2373 1341 2460 palcis
1365 2375 1497 2440 mittens

310 2481 428 2546 Ducem
451 2483 603 2569 rsqrsirit,
626 2492 662 2546 ut
682 2481 805 2546 sobitum
828 2481 999 2546 subsidium
1011 2501 1074 2568 pro
1090 2479 1222 2567 Imperii
1243 2483 1342 2547 testem
1364 2485 1497 2549 mittere

310 2591 393 2654 velit.
404 2591 482 2656 Due
492 2593 518 2674 ¹)
531 2599 634 2656 autem
646 2611 757 2676 pacem
766 2612 835 2655 cum
844 2591 1009 2655 Guilielmo
1022 2610 1152 2653 servare
1160 2591 1301 2678 cupiens,
1311 2598 1342 2656 et
1352 2594 1497 2658 marim

307 2698 423 2764 intuitu
439 2701 593 2776 ccclesia,
618 2701 655 2765 id
664 2703 776 2784 faeere
791 2699 970 2771 recusavit,-
995 2699 1079 2785 quod
1093 2699 1248 2764 Emanael
1264 2721 1364 2787 pram
1382 2703 1496 2784 serens

310 2828 385 2894 erpa
405 2807 530 2878 Venetos
545 2810 659 2874 malum
675 2809 709 2872 in
724 2809 820 2874 corde
836 2807 990 2895 concepit.
1015 2808 1064 2871 De
1079 2807 1138 2873 boc
1153 2809 1233 2874 Duc
1243 2809 1421 2895 prouidens
1442 2809 1497 2874 Ve-

309 2917 407 2992 netis,
429 2939 469 2982 ne
485 2919 518 2982 in
532 2919 717 2982 Romaniam
733 2924 913 3005 perpererat,
929 2917 1154 2981 universaliter
1169 2917 1362 2982 interdicit.
1377 2965 1384 2978 .
1400 2964 1407 2978 .
1425 2919 1496 2984 Hac

309 3031 449 3112 tempore
463 3026 664 3103 Anconituui,
681 3026 862 3090 Emauuelis
878 3025 1055 3090 obedientes
1071 3025 1216 3114 Imperio,
1238 3025 1363 3092 Venetos
1382 3035 1418 3092 ut
1433 3029 1498 3094 sibi

311 3135 436 3199 emulos
448 3142 599 3222 oeperunt
608 3133 771 3199 babere...
786 3135 954 3200 Emanueli
964 3136 1071 3222 itaque
1079 3133 1254 3221 Spalatum,
1265 3137 1455 3224 diapurimn
1463 3145 1496 3202 et

311 3244 482 3330 chusium
498 3265 537 3308 ac
552 3265 642 3330 paene
657 3251 725 3309 totu
738 3244 900 3308 Dalmatia
912 3244 1107 3332 subjsapatur.
1126 3243 1192 3325 Qui
1206 3245 1301 3309 etiam
1317 3246 1401 3309 iuter
1412 3244 1493 3322 tvo,

313 3354 395 3438 quod
416 3353 521 3418 dolam
537 3362 740 3440 conceperat,
766 3373 941 3440 assequens,
961 3371 1025 3440 per
1038 3353 1165 3416 numios
1179 3353 1299 3417 Ducem
1315 3353 1435 3427 abicit,
1459 3362 1495 3420 ut

201 3483 203 3486 ·
312 3481 381 3526 cum
402 3461 496 3528 solita
519 3463 691 3528 securitate
713 3468 744 3526 et
763 3463 873 3547 fmactu
893 3461 1016 3526 Venetos
1032 3461 1077 3526 ad
1096 3468 1202 3526 teras
1222 3461 1355 3548 Imperii
1368 3465 1498 3542 mittete

311 3577 344 3633 et
358 3569 405 3636 sic
421 3571 499 3635 Dua
515 3571 546 3634 ei
565 3571 675 3641 Veneti
693 3571 832 3658 antiquae
848 3569 995 3638 caritatis
1009 3591 1158 3636 memores
1174 3577 1206 3636 et
1220 3571 1401 3638 amotionem
1416 3595 1493 3638 ver·

311 3678 358 3742 bis
381 3680 504 3764 confisi,
527 3681 646 3763 ciuibus
667 3679 732 3744 suis
748 3680 908 3744 licentium
924 3679 1050 3751 tribuit,
1072 3687 1108 3745 ut
1124 3701 1192 3746 cum
1206 3681 1361 3746 mmoibus
1376 3683 1444 3746 suis
1460 3683 1495 3747 in

310 3785 496 3852 domanium
512 3789 610 3852 libere
625 3789 822 3875 maipareut.
850 3789 911 3865 Qui
925 3789 1009 3853 lucri
1023 3789 1121 3864 avidi,
1138 3798 1168 3853 et
1183 3787 1317 3874 imperii
1331 3791 1400 3854 loca
1412 3812 1495 3878 pro-

305 3896 384 3981 pria
400 3895 583 3962 habitacula
598 3903 792 3982 reputantes.
810 3918 878 3961 cum
893 3897 1100 3961 innumerosis
1112 3897 1254 3969 mnibus,
1270 3897 1448 3965 bominibus
1463 3890 1496 3964 et

310 4003 464 4070 mercibus
480 4005 630 4081 sumatis,
649 4005 694 4070 ad
708 4005 799 4069 vario
815 4005 884 4071 locu
902 4005 1081 4071 Graecorum
1094 4027 1292 4094 perrevere;
1314 4015 1345 4073 et
1361 4029 1432 4074 cum
1448 4009 1494 4074 eis

309 4113 516 4178 Sebastianus
531 4115 629 4178 Zmno
646 4121 678 4179 ct
692 4113 809 4178 Aurius
824 4113 1066 4191 Moatra-Petro,
1087 4116 1187 4182 Ducis
1202 4117 1317 4193 nuntii,
1334 4117 1379 4181 ad
1388 4117 1495 4205 Impe-

310 4229 459 4295 ratorem,
476 4231 510 4288 ut
525 4223 612 4288 illum
624 4223 880 4307 favorabiliorem
895 4222 1075 4299 redderent,
1090 4246 1125 4290 se
1135 4225 1288 4313 diripunt.
1309 4226 1371 4303 Qut
1385 4227 1492 4313 prima

310 4330 443 4418 benipuc
463 4331 503 4396 ub
524 4353 560 4396 eo
581 4331 716 4418 recepti,
736 4339 851 4418 posteo
874 4332 914 4396 de
934 4353 990 4396 suo
1007 4333 1114 4398 doloso
1133 4335 1299 4421 proposito
1316 4335 1492 4418 infamati.

311 4440 356 4504 ad
369 4461 438 4504 eum
452 4441 554 4505 denuo
569 4441 703 4506 rediere.
731 4441 792 4518 Qui
806 4442 879 4507 licet
888 4443 960 4528 jam
976 4442 1115 4508 omnibus
1125 4443 1188 4508 sibi
1201 4443 1349 4530 sstbjectis
1361 4445 1492 4532 pariter

335 4583 363 4655 ¹)
383 4585 427 4637 Sc.
441 4583 531 4638 Vitatis
545 4583 655 4638 Miohssi
669 4585 690 4638 ii
704 4584 735 4638 ab
748 4603 770 4636 a.
785 4584 864 4639 istc.
