3130 5078
342 327 437 382 lunae.
450 326 483 382 lII
497 344 586 382 nnrsr.
601 345 638 382 nn
650 327 839 384 Bnuunuormr
852 329 999 385 baernum.
1184 314 1260 390 557

632 571 710 643 um.

84 715 269 780 innocentius
286 713 326 776 III
343 712 549 794 !(eneliote)‚
566 713 646 776 tituli
670 718 790 777 sanotm
806 712 958 778 susannae
976 713 1148 794 lresbyiere
1163 713 1261 776 iendi-

417 821 494 902 nell,
516 823 700 905 apostolicae
716 821 799 887 Solle
816 821 934 903 iegato.

81 949 274 1036 ludolpetar,
291 947 383 1034 puori,
399 947 464 1011 nisi
478 947 670 1013 Patricrclro
688 947 1053 1036 Corsstontiaopolilonaa
1068 948 1102 1011 ia
1118 948 1262 1014 Ecclesia

83 1056 430 1142 metantiaopolitono
450 1055 581 1120 ἱιίοηεοε
599 1058 685 1122 virm
705 1064 858 1128 assumat,
883 1056 953 1142 ipsc
968 1057 1053 1122 ciros
1069 1058 1213 1122 literatos
1230 1063 1260 1120 et

147 1165 292 1231 bonestm
306 1165 450 1230 eraserat
464 1165 499 1229 ia
513 1165 599 1229 dicia
613 1165 768 1241 Ecclesia,
782 1171 880 1250 proci
895 1165 1011 1230 viderit
1026 1167 1191 1252 expedire.

466 1307 498 1360 A.
516 1307 541 1360 d.
562 1306 641 1366 laet.
659 1307 701 1360 die
714 1307 757 1361 20.
771 1325 803 1360 un.
822 1307 882 1362 idai.

171 1437 259 1499 Inno
269 1457 295 1501 e.
308 1435 344 1499 III
356 1435 445 1519 epist.
460 1433 509 1497 lib.
525 1433 596 1511 VIII,
610 1435 740 1519 ep.LXII
753 1435 801 1499 ed.
814 1435 837 1496 B
848 1437 957 1520 requi
966 1437 1084 1522 gnyT.
1098 1436 1132 1510 Π,
1146 1458 1175 1522 p.
1186 1437 1260 1501 706.

171 1586 227 1657 llis
240 1585 420 1657 fiducialius
434 1591 468 1655 et
482 1584 606 1677 plenius
621 1586 847 1657 committimus
861 1589 948 1657 vices
963 1592 1106 1672 nostras,
1126 1611 1262 1682 quorum

81 1713 276 1806 probitatem
303 1720 337 1782 et
361 1713 528 1784 solentiam
549 1711 676 1806 jugiter
702 1713 895 1806 experimur.
933 1714 1012 1784 Cum
1039 1737 1121 1808 ergo
1147 1714 1264 1807 plenae

82 1839 272 1932 Legationis
298 1839 441 1910 cilicium
464 1841 495 1909 in
522 1839 659 1932 Imperio
686 1839 1046 1933 Constantinopolitano
1072 1840 1148 1924 tihi,
1172 1835 1264 1912 cuius

82 1965 312 2036 discretionem
331 1967 362 2035 in
382 1965 488 2035 multis
503 1989 614 2035 sumus
629 1967 766 2058 experti,
786 1965 969 2036 duxerimus
984 1969 1262 2048 committendum,

80 2099 117 2165 ut
135 2093 212 2163 illud
228 2093 340 2162 melius
355 2099 389 2163 et
402 2091 527 2187 plenius
542 2093 723 2187 exequaris,
740 2094 916 2186 repriendi
930 2095 1114 2165 cessionem
1130 2095 1263 2187 episco-

82 2241 211 2314 porum,
231 2227 265 2291 et
282 2220 499 2291 transterendi
521 2243 592 2303 eos,
612 2219 826 2314 undecunque
844 2221 920 2302 sint,
941 2223 992 2314 qui
1011 2221 1051 2292 ad
1070 2222 1167 2292 sedes
1186 2222 1265 2293 alias

80 2349 112 2418 In
142 2347 258 2417 eodem
287 2347 427 2440 imperio
457 2347 653 2416 constitutas
681 2347 803 2416 fuerint
834 2345 1006 2439 postulati,
1039 2347 1172 2418 liberam
1204 2349 1262 2418 tibi

83 2474 293 2546 concedimus
311 2475 508 2546 auctoritate
528 2474 745 2566 praesentium
763 2473 963 2556 facultatem,
981 2475 1128 2544 slmiliter
1141 2498 1265 2547 conce-

79 2603 214 2682 dentes,
239 2608 276 2671 ut
301 2623 378 2684 eos,
405 2601 457 2695 qui
484 2624 545 2694 pro
571 2601 713 2671 violenta
739 2624 888 2671 manuum
913 2601 1090 2692 injectione
1119 2603 1151 2673 in
1178 2603 1264 2673 latae

79 2727 262 2800 sententiae
291 2730 456 2800 Cononem
485 2727 687 2810 inciderunt,
723 2728 899 2798 seeundum
929 2728 1100 2800 Ecclesiae
1127 2730 1265 2800 sormam

80 2855 242 2927 absolvas.

172 2981 221 3053 Ad
240 2981 339 3064 baec,
369 3004 442 3052 cum
461 2981 636 3053 venerabiIi
664 2983 755 3052 Iratri
782 2989 915 3065 nostro,
932 2983 1154 3053 -Patriarcbae
1174 2983 1264 3055 Con-

80 3107 386 3200 stantinopolitano,
406 3108 590 3178 duxerimus
605 3107 848 3200 indulgendum,
868 3115 905 3179 ut
922 3109 963 3180 ad
981 3108 1161 3180 Ecclesiam
1177 3109 1265 3179 Coun-

78 3234 419 3328 stantinopolitanam,
448 3233 700 3305 Patriarcbalem
724 3234 891 3318 videlieet,
916 3237 947 3305 in
967 3259 1030 3331 qua
1048 3235 1098 3304 rel
1119 3236 1195 3306 nulli
1214 3236 1265 3306 vel

77 3363 175 3456 pauci
212 3369 305 3432 erant
337 3366 415 3432 tnnc
447 3361 605 3454 temporis
638 3362 795 3432 canonice
824 3361 978 3442 instituti,
1010 3362 1149 3433 idoneos
1176 3361 1265 3432 uiros

78 3493 275 3571 assumeret,
304 3487 426 3571 addito,
454 3487 542 3582 quod
566 3511 628 3558 nec
650 3489 753 3570 carni,
777 3511 839 3557 nec
865 3488 1014 3581 sanguini
1040 3489 1265 3583 acquiesceret

78 3613 187 3696 aliter,
208 3637 302 3706 quam
317 3613 463 3696 deceret,
482 3613 542 3684 sed
562 3613 748 3684 attenderet
767 3615 881 3684 merita
900 3620 933 3685 et
952 3615 1118 3686 scientiam
1137 3615 1264 3708 ponde-

80 3747 190 3822 raret,
210 3739 359 3834 quoniam
378 3739 410 3810 in
430 3741 515 3810 omni
536 3746 656 3832 gente,
676 3741 729 3832 qui
748 3740 826 3810 iacit
840 3739 1016 3832 justitiam,
1039 3747 1194 3835 acceptus
1213 3753 1266 3812 est

80 3867 173 3947 De03
191 3867 387 3937 auctoritate
406 3865 464 3938 tibi
482 3867 702 3960 praesentium
721 3866 938 3960 indulgemus,
958 3877 1005 3950 ut,
1031 3869 1058 3938 si
1076 3867 1265 3939 Patriarcha

79 3995 153 4088 ipse
172 4001 243 4064 ate
262 3993 478 4065 commonitus
505 3995 688 4088 procedere
713 3995 800 4065 forte
826 3995 1006 4088 neglexerit
1029 3995 1080 4065 vel
1106 3995 1266 4066 distulerit

73 4121 173 4214 juxta
203 4121 338 4193 lormam
367 4121 586 4216 indulgentiae
613 4121 674 4191 sibi
700 4121 813 4208 datae,
841 4122 936 4192 tuin
966 4123 1077 4191 eadem
1104 4121 1264 4206 Ecclesia,

80 4273 168 4344 quae
193 4249 278 4320 sicut
301 4249 465 4320 EcclesIas
491 4249 570 4320 alias
589 4249 620 4318 in
641 4248 1004 4341 Constantinopolitano
1024 4249 1162 4340 Imperio
1183 4271 1265 4320 con·

77 4375 215 4447 stitutus
230 4375 388 4470 dignitate
407 4375 587 4468 praecellit,
607 4375 655 4447 sic
670 4375 768 4446 debet
786 4377 872 4446 inter
891 4399 947 4446 eas
967 4398 1180 4469 personarum
1199 4399 1265 4447 non

79 4509 150 4572 tam
171 4524 305 4570 numero
325 4501 495 4583 efflorere,
524 4502 565 4570 de
584 4524 776 4595 quacunque
803 4501 932 4572 natione
951 4503 1040 4574 uiros
1064 4501 1212 4574 literatos
1233 4510 1267 4574 et
