3110 5080
235 351 310 422 412
505 360 633 415 ernsss
647 359 930 416 Caucnsrsrsaroscu
943 377 981 415 an
993 361 1091 416 lusos.
1104 361 1148 416 lll.

232 541 380 604 tenorem
406 555 466 626 per
493 531 633 603 latorem
658 534 877 626 praesentium
903 533 1102 625 apostolatui
1130 537 1241 603 vestro
1270 529 1424 602 duximus

232 659 455 744 intimandum,
475 659 516 730 de
532 666 642 732 vestra
657 660 838 755 apostolice
852 661 974 754 pietate
988 659 1114 744 conlisi,
1134 658 1222 754 quod
1238 659 1429 730 mandatum

233 793 388 870 vestrum,
409 794 701 881 quantumcumque
722 811 760 860 cx
778 794 915 882 paterna
934 787 1107 858 severitate
1122 785 1205 858 dure
1219 791 1319 857 sonet
1333 791 1428 856 ente-

231 913 321 996 rius,
348 937 410 1008 pro
437 915 624 986 obedientia
652 915 791 985 filiorum
817 921 851 984 ct
876 913 1053 985 devotione
1080 912 1323 1008 promptissima
1348 912 1427 983 nihil

233 1040 328 1111 nohis
348 1038 397 1110 vel
416 1040 593 1112 heredibus
611 1043 734 1113 nostris
748 1041 884 1114 interius
903 1041 1072 1112 continere
1092 1040 1212 1112 debesl
1230 1039 1426 1133 captiosmn.

323 1167 435 1238 'lenor
453 1169 611 1262 siquidem
630 1167 790 1240 dictarum
806 1169 975 1239 literarum
993 1166 1047 1237 liic
1067 1173 1135 1238 est:
1158 1167 1220 1253 ,B.
1237 1166 1372 1238 Flandr.
1393 1173 1429 1236 et

233 1293 338 1378 Heln,
364 1295 402 1364 L.
429 1295 561 1366 Blcnen.
589 1303 624 1366 et
649 1295 736 1366 Olar.
764 1300 798 1366 ct
822 1294 862 1365 H.
888 1294 926 1366 S.
950 1294 1040 1365 Pauli
1066 1295 1231 1378 Comites,
1258 1293 1358 1366 Oddo
1386 1293 1427 1364 dc

233 1420 399 1506 Chsnlict,
430 1427 464 1492 et
491 1421 716 1516 W[ilclmus]
733 1422 840 1494 frater
857 1424 943 1515 ejus,
964 1421 1125 1506 omnibus,
1147 1419 1190 1492 ad
1209 1443 1293 1515 quos
1311 1420 1428 1492 literae

232 1549 318 1620 istae
336 1549 558 1643 pervenerint,
579 1550 715 1621 sulutem
734 1550 767 1618 in
786 1531 937 1620 Domino.

321 1674 442 1746 Notum
463 1675 532 1746 lieri
552 1677 718 1758 volumus,
743 1677 831 1769 quod
850 1697 951 1769 super
969 1697 1029 1759 eo,
1055 1675 1143 1768 quod
1162 1671 1250 1768 apud
1267 1671 1426 1744 iaderam

233 1803 426 1873 incurrimus
447 1803 811 1876 excommunicationem
831 1801 1062 1899 apostolicsm,
1088 1801 1138 1872 vel
1164 1800 1344 1872 incurrisse
1363 1821 1427 1870 nos

234 1931 401 2013 timemus,
426 1935 492 2000 tam
520 1952 598 2014 nos,
623 1951 718 2028 quem
737 1953 949 2002 successores
967 1933 1102 2000 nostros
1120 1927 1202 1998 Sedi
1220 1925 1428 2020 spostolicae

234 2056 436 2151 obligamus,
465 2056 553 2150 quod
579 2056 621 2127 ad
646 2057 831 2128 mandatum
857 2058 930 2150 ejus
955 2055 1213 2128 satisfactionem
1239 2054 1428 2126 curabimus

235 2185 400 2254 exhibere.
424 2183 498 2255 liat.
515 2181 1124 2278 apudlmmm,'annodomini1203,
1140 2203 1252 2252 mense
1263 2180 1425 2276 Aprilis“.

324 2311 412 2382 Sane
429 2311 533 2383 literis
553 2312 623 2382 istis
643 2309 747 2403 sigilla
767 2317 882 2382 nostra
897 2309 1060 2380 Comitum
1079 2308 1149 2380 sine
1163 2308 1429 2380 contradictione

234 2437 376 2508 libenter
395 2439 625 2532 appendimus;
652 2437 712 2510 sed
732 2435 895 2507 Beronum
914 2436 1133 2530 sequentium,
1151 2435 1216 2506 hoc
1236 2443 1289 2506 est
1308 2435 1374 2506 0d.
1395 2443 1430 2506 et

237 2563 288 2634 W.
312 2565 424 2635 fratris
444 2567 533 2658 ejus,
559 2565 775 2636 intelleximus
795 2565 953 2650 doluisse,
977 2564 1055 2635 licet
1074 2570 1108 2632 st
1126 2560 1274 2633 Berones
1294 2585 1333 2632 se
1353 2585 1430 2636 esse.

234 2691 376 2760 confessi
404 2692 485 2774 sint,
511 2692 596 2763 sicut
621 2692 743 2762 abillis
768 2693 970 2786 accepimus,
996 2689 1113 2783 quibus
1132 2689 1194 2759 fuit
1212 2687 1428 2760 absolutionis

234 2817 526 2890 vestraeollicium
546 2817 750 2912 delegatum,
779 2824 813 2889 et
835 2817 896 2889 illis
916 2817 1095 2911 injunctum
1113 2815 1229 2901 tuerit,
1254 2817 1287 2887 in
1306 2815 1428 2887 virtute

235 2944 384 3039 praestiti
400 2946 579 3039 juramenti
598 2946 706 3017 statim
725 2943 932 3017 absolutione
953 2967 1125 3028 concesse,
1145 2951 1181 3017 ut
1198 2943 1324 3029 literas,
1344 2967 1427 3037 quus

236 3071 422 3166 recepistis,
443 3073 640 3144 emitterent.

326 3199 434 3294 Super
449 3201 538 3272 lacto
553 3205 660 3270 autem
674 3197 808 3271 illustris
822 3199 879 3271 viri
899 3221 938 3269 cc
956 3197 1111 3292 principis
1126 3196 1288 3268 exercitus
1307 3197 1428 3280 nostri,

237 3325 434 3396 Marchionis
453 3325 701 3410 llontislerroti,
722 3349 785 3419 quo
800 3325 950 3396 videlicet
968 3347 1029 3418 pro
1045 3321 1227 3418 apostolice
1240 3327 1426 3395 reverentia

236 3459 270 3523 et
289 3453 331 3524 de
350 3455 602 3525 conservatione
621 3453 708 3524 stolii
726 3461 834 3524 vestra
855 3453 1023 3524 voluntate
1042 3435 1236 3544 complenda
1256 3453 1426 3524 ostensio·

238 3603 310 3651 nem
330 3579 498 3651 literarum
517 3585 696 3651 vestrarum
721 3579 883 3651 humiliter
900 3577 1065 3673 impedivit
1084 3577 1125 3649 sd
1144 3584 1290 3671 tempus,
1318 3579 1428 3652 donec

236 3707 386 3778 videlicet
411 3709 528 3778 iterate
550 3707 701 3801 jussione
726 3705 882 3778 sauctitas
904 3713 1014 3778 vestra
1032 3707 1257 3800 praeciperet,
1285 3707 1376 3799 quod
1395 3709 1426 3776 in

234 3835 296 3905 lmc
314 3841 509 3927 tempestate
529 3858 629 3930 super
646 3833 708 3906 hiis
727 3835 890 3930 egendum
909 3835 1013 3918 soret,
1039 3831 1256 3927 supplicamus
1281 3833 1428 3927 piissime

234 3963 421 4054 paternitati
443 3969 584 4045 vestrae,
604 3967 640 4032 ut
660 3961 756 4032 divini
776 3963 896 4034 amoris
915 3962 1033 4032 intuitu
1053 3983 1119 4030 non
1138 3961 1253 4030 ieratis
1271 3959 1424 4056 indigne3

234 4088 415 4158 certissime
439 4089 626 4160 tenentibus
646 4089 756 4173 vobis,
784 4087 889 4182 quod,
918 4089 945 4159 si
965 4095 1118 4158 ostensae
1144 4087 1286 4158 fuissent
1308 4089 1427 4161 literae

235 4269 244 4286 .
266 4268 274 4285 .
297 4207 342 4308 .¹)
364 4213 446 4286 Duci
467 4223 500 4288 et
514 4213 659 4300 Venetis,
680 4239 719 4286 co
733 4213 809 4287 loco
825 4223 857 4286 et
872 4223 1034 4310 tempore,
1048 4213 1137 4308 quod
1151 4217 1220 4309 ipse
1237 4215 1289 4286 die
1303 4224 1337 4288 et
1351 4223 1426 4288 sto-

231 4343 306 4412 lium
331 4349 459 4436 ruptum
494 4347 527 4413 et
552 4365 637 4414 nunc
663 4343 780 4415 fuisset
806 4341 985 4416 dissolutus
1010 4345 1186 4415 exercitus.
1231 4345 1338 4428 Sene,
1366 4369 1428 4440 per

257 4569 284 4636 ¹)
305 4569 420 4641 Supple:
440 4571 597 4626 ilenrico.
