3130 5082
278 335 352 410 122
409 331 550 403 Fortinum
563 349 707 402 Auoxmru
721 365 773 403 run
787 349 972 405 Ennnorunu
987 350 1151 406 Connnuou
1165 364 1339 404 nuuovnrro.

275 891 415 986 eimo¹)‚
442 901 478 968 iu
498 922 563 992 quo
582 909 615 968 et
631 909 783 970 nostrum
795 905 896 995 pium
914 911 948 970 et
965 925 986 972 o
1005 900 1066 970 deo
1079 911 1271 994 promotum
1290 898 1468 989 ouboiqno·

274 1029 328 1096 nit
359 1023 553 1119 Imperium.
604 1023 811 1098 Huiuomodi
850 1052 931 1119 erqo
973 1026 1220 1118 oirqoobollion
1259 1049 1323 1095 eon
1349 1045 1488 1126 rmono

275 1151 456 1247 inperium
483 1175 610 1232 meum,
644 1152 728 1222 bene
758 1153 832 1222 uult
858 1155 997 1222 etitem
1024 1153 1149 1224 tubere
1176 1153 1349 1248 qfeetum
1379 1154 1472 1221 deut

276 1282 468 1372 enpooitum
492 1287 543 1348 eet
559 1302 581 1347 o
593 1281 787 1372 principio,
812 1277 945 1372 quondo
971 1281 1023 1349 eie
1041 1277 1202 1350 donotnm
1220 1287 1286 1358 eot,
1310 1281 1360 1348 ito
1382 1287 1420 1347 ut
1437 1283 1473 1346 et

275 1405 522 1498 ooiempnorum
534 1398 774 1500 plrolntimio²)
795 1408 989 1499 proueniat,
1016 1415 1050 1475 et
1066 1404 1225 1499 deinoepo
1242 1407 1421 1475 imminute
1439 1409 1474 1470 et

275 1529 422 1600 honoror
451 1529 653 1622 diqnitotum
675 1531 821 1602 tuream
846 1531 1076 1602 nobitiooimuo
1095 1531 1179 1602 Due
1204 1540 1238 1601 et
1260 1531 1470 1600 ooeerrimuo

276 1629 478 1726 Potrioreho
503 1679 631 1727 eorum.
660 1658 840 1752 Aem'piont
866 1668 996 1732 tontum
1021 1669 1055 1728 et
1078 1681 1196 1750 noque,
1226 1679 1348 1725 uerum
1366 1657 1469 1725 etiem

270 1786 504 1878 pooeooionem
523 1791 557 1852 et
569 1786 773 1878 fruitionem
791 1783 993 1854 donatorum
1011 1797 1044 1854 et
1064 1783 1266 1854 traditorum
1286 1783 1356 1852 eibi
1373 1803 1471 1873 erqo·

277 1913 462 1980 oteriorum
488 1910 714 1980 etmalorum
743 1907 889 1982 lioieout
919 1915 996 1982 eine
1024 1912 1202 1982 oblatione.
1240 1907 1411 1980 Simditer
1441 1913 1475 1976 et
1560 1987 1561 2008 ἶ

278 2035 426 2106 kobeout
447 2038 518 2130 opoi
534 2039 610 2106 eine
629 2036 862 2130 prohibitione
880 2051 914 2108 et
929 2041 1106 2129 neqooiori
1122 2041 1199 2108 eine
1217 2037 1420 2105 commercio
1440 2041 1475 2103 et

278 2161 415 2232 dotione
439 2163 676 2257 qualicumque
699 2165 807 2234 altero
832 2167 869 2235 in
898 2165 1061 2234 omuibm
1078 2162 1304 2234 dinumeratio
1331 2165 1368 2232 io
1390 2183 1473 2253 pre·

274 2293 367 2384 [aeto
386 2288 610 2378 oirqooboltio
629 2291 825 2361 cinitotiiuo
844 2291 1110 2381 dromonibus,
1137 2311 1202 2382 que
1220 2287 1283 2358 orob
1304 2295 1473 2380 potentote

277 2414 419 2509 Imperii
435 2419 548 2486 nootri
570 2427 658 2486 runt.
700 2414 818 2485 Verum
837 2420 939 2487 etium
962 2425 1000 2485 ut
1017 2415 1058 2484 oi
1078 2417 1279 2508 erqooteriio
1299 2401 1474 2506 Amolpti·

281 2531 441 2633 torum³),
475 2566 539 2635 que
564 2567 631 2636 per
661 2541 902 2612 elorioobollion
935 2543 1116 2610 constituto
1147 2547 1228 2609 eunt
1259 2541 1475 2608 onnetuoime
1556 2567 1561 2584 ·

280 2669 423 2738 eroteoie
441 2667 583 2762 opoetoii
600 2675 634 2736 et
650 2669 853 2760 eoonqeliote
870 2667 994 2749 Murri,
1012 2671 1073 2762 qui
1090 2675 1143 2736 eet
1160 2667 1197 2735 in
1223 2663 1369 2744 Venetia,
1390 2663 1471 2733 den·

282 2802 338 2863 tur
357 2792 403 2862 od
419 2817 493 2863 eom
506 2796 582 2864 eine
592 2795 790 2864 minutione.
813 2795 922 2877 Quum
935 2817 1019 2863 uero
1039 2802 1117 2863 onte
1129 2815 1237 2862 orrnoo
1257 2813 1326 2860 non
1339 2813 1474 2885 poueoo

194 2977 198 2984 .
280 2923 422 3012 eontipit
445 2943 522 3002 eoo,
549 2924 611 3013 qui
627 2917 819 2988 uendebont
844 2918 1007 2989 Venetieio
1024 2923 1063 2990 in
1082 2917 1256 2987 Bomoioio
1274 2915 1477 3009 reqionibuo

280 3049 531 3138 neqooiotioneo
549 3045 698 3138 aliqum,
722 3046 957 3114 commercium
977 3044 1122 3138 deipsis
1140 3047 1251 3134 enipi,
1279 3052 1313 3112 et
1329 3045 1479 3135 optinuit

281 3163 379 3261 oid)
397 3195 469 3242 moe
487 3174 588 3241 annio
600 3171 726 3249 unitio,
747 3179 781 3239 et
796 3169 923 3239 dietum
941 3179 1001 3251 eet,
1023 3177 1236 3262 roqouerunt
1251 3177 1364 3238 nutem
1384 3166 1477 3254 etde

283 3297 347 3367 tuoe
364 3295 547 3391 Imperium
558 3319 668 3365 meum
683 3298 765 3388 pieri
777 3295 991 3366 dilectissimi
1008 3296 1084 3366 duli
1101 3305 1135 3365 et
1150 3299 1256 3366 omiei
1272 3299 1350 3366 eino
1375 3292 1477 3364 Vene-

282 3425 353 3502 tici,
372 3431 536 3519 quotenne
553 3415 821 3514 corriperetur&
849 3422 1046 3493 louinomodi
1062 3446 1194 3517 quoque
1212 3421 1417 3515 capitulum,
1446 3427 1480 3490 et

285 3615 608 3642 ..-,-.-.-..-

357 3721 453 3788 rogiae3
466 3737 524 3772 num
536 3718 651 3772 otunuxir
662 3723 723 3772 sunt
735 3720 870 3790 privita
883 3719 1109 3790 Imperatoris
1122 3719 1346 3789 patrimorum
1361 3718 1398 3771 ef.
1411 3735 1479 3772 uun-

358 3811 417 3864 dern
431 3811 456 3862 in
471 3809 604 3864 Glossario
617 3827 639 3863 o.
653 3811 679 3862 h.
693 3827 716 3863 v.

312 3898 338 3970 ¹)
358 3917 439 3952 annuo
454 3917 486 3952 ex
499 3915 578 3970 pravo
591 3899 731 3952 intellectis
745 3899 859 3952 numerio
873 3897 972 3952 Graeoio
987 3899 1129 3968 corruptus
1143 3901 1198 3952 ont:
1218 3898 1257 3951 oti
1270 3896 1480 3952 indictionis

358 4007 399 4060 qo
408 3989 487 4042 intoe
501 3989 582 4042 docet
595 3988 810 4050 additamentum,
824 3991 867 4041 ont
878 4003 960 4042 annuo
973 3987 1061 4041 mundi
1074 3987 1267 4042 oooo==1ouu
1281 4005 1307 4059 p.
1322 3986 1385 4042 Chr.
1401 3989 1480 4057 ioque

358 4095 467 4150 prorsus
480 4079 610 4133 convenit.

310 4169 339 4242 ²)
358 4171 412 4239 leg.
425 4170 578 4241 philotimiu.
599 4169 654 4220 io.
668 4167 812 4238 φιλοτιμία,
836 4167 1054 4230 beneficium,
1077 4185 1099 4221 o.
1122 4166 1282 4228 donatio,
1304 4165 1341 4219 oo
1366 4166 1436 4220 intra
1455 4167 1480 4218 in

359 4261 416 4331 ipso
430 4260 573 4330 diplomate
587 4257 736 4330 exponitur.

311 4349 340 4420 ³)
359 4349 745 4420 lug-Amolphitunorum.

312 4439 340 4511 ⁴)
361 4441 413 4493 hie
433 4439 535 4493 rddidit
548 4439 680 4510 posterior
692 4453 790 4492 nunno.

312 4529 340 4603 ὅ)
361 4530 585 4601 corriguntur
603 4529 683 4583 Mser.

270 522 382 614 suerit
424 541 469 589 eu
507 523 575 600 eie,
609 521 785 616 pernotuet
817 525 855 592 iu
886 521 1130 615 quadruplum,
1172 523 1254 614 qnia
1283 522 1385 614 firm
1426 540 1466 588 ας
1559 457 1561 530 Ξ

274 669 395 716 eeouro
414 650 581 717 eniotente
598 656 758 740 preeunte
777 651 839 742 pio
858 647 1095 738 elorqooiollio,
1111 651 1204 742 sueto
1223 651 1318 717 eirea
1337 645 1468 716 Maium
1559 641 1561 716 f

273 793 434 852 mensem
460 776 576 866 quinte
595 771 807 856 indictionis,
837 777 874 845 in
900 797 988 844 nuno
1012 797 1077 843 eeu
1102 773 1281 843 milteeimo
1311 771 1466 841 dueente-
1559 791 1561 798 ’
