3110 5080
298 358 375 430 464
701 372 837 426 Pssunruo
851 385 939 425 noran
953 367 1072 424 unirer.

296 531 590 610 vindobonensibus,
613 535 681 600 olim
698 535 837 609 Venetis,
860 535 1038 607 obsidetur,
1063 551 1134 599 usus
1151 540 1199 599 est
1214 533 1243 598 b.
1260 535 1467 606 Wilkenus;

295 649 432 726 quartus,
456 665 543 729 quem
567 645 717 718 adhibuit,
738 650 786 709 est
809 643 1100 709 Muratorianus
1122 644 1187 708 sive
1209 643 1466 708 Ambrosianus

294 751 389 834 prior,
405 753 522 836 plenus.
541 755 689 837 Quintum,
699 754 805 818 itidem
817 753 1157 817 Muratorianums.
1171 752 1466 825 Ambrosianum,

296 880 353 945 quo
368 881 421 925 nos
438 862 526 946 primi
543 885 579 928 ex
596 863 754 928 collatione
766 863 966 926 Muratoriana
978 860 1025 924 usi
1042 881 1153 934 sumus,
1171 860 1374 927 Wilkenus
1389 863 1466 946 plane

294 967 444 1052 neglexit,
470 970 541 1036 lieet
562 971 599 1036 ab
622 972 727 1035 eodem
750 970 961 1034 Muratoriu
985 968 1135 1050 vulgatum
1153 969 1172 1032 1.
1190 991 1216 1033 e.
1248 970 1276 1035 Is
1293 991 1366 1035 vero
1383 970 1466 1034 eodex

294 1097 347 1142 ms.
365 1084 413 1142 est
428 1079 521 1163 priori
537 1079 666 1152 brevior,
684 1079 823 1142 desinens
841 1079 871 1141 in
889 1097 960 1142 roee
979 1078 1142 1164 Corypbm
1159 1077 1253 1143 solam
1270 1081 1365 1162 igitur
1377 1079 1465 1144 Vene-

296 1191 392 1250 torum
416 1190 583 1271 portiouem
605 1187 714 1263 babet,
743 1207 907 1272 quanquam
929 1187 959 1248 in
981 1185 1157 1271 quibusdam
1184 1186 1463 1253 Ambrosianum

292 1295 650 1378 plenioremanteeeiiit.
691 1295 802 1359 Eadem
835 1294 1004 1358 omissionis
1036 1301 1105 1358 nota
1136 1297 1166 1359 in
1194 1296 1223 1360 b.
1251 1298 1462 1362 Buehonum

293 1403 545 1470 Franco-Gallum
562 1406 656 1478 eadit,
680 1405 730 1490 qui
747 1405 874 1469 indicem
893 1409 1025 1466 nostrum
1042 1423 1060 1466 e
1077 1404 1285 1470 Muratorio
1301 1407 1467 1492 simpliciter

292 1514 413 1596 repetiit
429 1515 458 1578 in
475 1515 570 1579 libro:
601 1496 882 1578 Eutaireissenuents
905 1533 958 1576 sur
980 1511 1008 1576 la
1031 1511 1211 1577 deminution
1236 1513 1397 1597 Franqaise
1413 1565 1420 1580 .
1436 1560 1464 1578 ..

292 1621 365 1686 dans
390 1623 433 1688 les
456 1624 617 1708 provinces
639 1621 827 1687 demembrds
850 1621 888 1685 de
915 1619 1066 1703 i'Empire
1088 1621 1168 1686 Gree
1193 1622 1210 1686 d
1234 1622 1262 1686 la
1285 1625 1365 1688 suite
1387 1625 1422 1688 de
1441 1623 1465 1686 ia

291 1732 456 1817 quatridme
482 1731 630 1796 oroisade.
655 1731 739 1794 Paris
764 1729 860 1795 1840.
883 1731 918 1792 T.
936 1729 959 1806 1,
977 1749 1005 1813 p.
1024 1729 1044 1793 8
1062 1750 1126 1816 sqq.
1152 1732 1358 1798 buobonus
1381 1735 1464 1816 igitur

290 1841 559 1905 Rhamnusium
575 1845 664 1912 tacet,
683 1845 714 1904 ut
732 1839 962 1914 Wilbenum,
980 1860 997 1902 a
1012 1857 1071 1923 quo
1083 1845 1193 1914 tamen,
1210 1847 1242 1905 ut
1254 1840 1390 1916 diximus,
1407 1847 1467 1905 ante

289 1951 403 2033 ipsum,
427 1971 470 2014 se.
487 1969 562 2012 anno
581 1947 679 2019 1829,
704 1947 793 2010 index
817 1952 919 2012 noster
942 1947 1040 2011 editus
1062 1950 1171 2013 tuerat.
1188 1985 1232 1996 -
1247 1949 1355 2014 Libros
1379 1949 1467 2015 nostri

291 2059 459 2143 diplomatis
478 2057 725 2122 vindobonenses
741 2063 810 2140 post
828 2055 1040 2120 Wiikeuum
1053 2059 1142 2150 anxie
1155 2057 1350 2132 contulimus;
1369 2059 1469 2124 oodioe

1492 1493 1496 1524 1

290 2189 361 2232 vero
386 2167 458 2231 San
469 2168 519 2232 oti
538 2167 654 2230 biarei
671 2165 785 2228 Veneto
802 2165 890 2248 primi
906 2183 1006 2228 sumus
1024 2167 1086 2239 usi,
1109 2167 1189 2230 unde
1205 2169 1340 2252 quedam
1356 2169 1468 2232 minime

289 2275 502 2340 contemnenda
526 2275 637 2338 hauriri
660 2279 804 2359 poterant.
836 2271 944 2336 Libros
969 2273 1125 2339 Paetorum
1142 2273 1277 2340 Venetiis
1302 2283 1466 2342 asservatos

289 2386 399 2448 diutius
423 2384 575 2468 inspicere
596 2403 654 2446 non
678 2382 771 2446 lieuit.
797 2379 1050 2467 Ortbograpbiaun
1064 2385 1161 2450 medii
1176 2385 1245 2462 moi,
1262 2391 1404 2470 quantum
1418 2405 1468 2471 per

289 2513 410 2558 sensum
426 2491 546 2564 licebat,
562 2492 612 2556 bie
628 2511 746 2577 quoque
763 2492 956 2556 servavimus.

726 2673 849 2737 Partitis
866 2674 1033 2740 Romantse.

430 2801 511 2865 Pers
525 2799 631 2887 primu
647 2799 767 2864 domini
780 2799 879 2864 Ducis
894 2807 927 2864 et
943 2801 1112 2866 eommunis
1134 2801 1276 2866 Venetiae
1287 2801 1326 2888 ¹).

376 2933 497 3004 Ciuitas
521 2926 801 3024 Archadiopoli²).
835 2925 1008 3024 Missini⁸).
1038 2932 1251 3027 Bulgaroiigo
1260 2925 1304 3025 ⁴).
1344 2933 1464 3026 (Perti-

286 3059 395 3129 nentia
439 3057 700 3152 Archadiopoli.)
749 3057 947 3128 Pertinentia
994 3051 1124 3151 eutis)
1171 3067 1206 3131 et
1250 3051 1464 3150 Nicodemi‘).

311 3289 338 3360 ι)
359 3289 386 3341 in
399 3287 484 3340 titulis
496 3285 653 3355 singulorum
666 3283 815 3356 partitionis
828 3285 943 3355 cupitum
955 3285 1009 3340 sive
1022 3286 1134 3358 partium
1147 3287 1255 3342 eodiees
1268 3305 1331 3342 mss.
1344 3287 1463 3341 maximo·

359 3395 423 3450 pere
434 3376 541 3431 variant
560 3375 633 3430 Unde
643 3375 675 3429 ad
685 3373 826 3446 juvandum
840 3375 982 3444 tegentium
995 3375 1156 3431 intellectum
1170 3381 1273 3432 uestras
1285 3377 1465 3450 inscriptiones

361 3468 490 3540 capitibus
504 3467 679 3537 imposuimus.
699 3467 768 3534 Ergo
781 3466 846 3519 LA:
858 3465 918 3521 Hee
930 3471 971 3522 est
982 3483 1052 3540 pars
1063 3471 1208 3522 terrorum
1220 3467 1329 3524 domimi
1341 3467 1463 3523 Dueioet

359 3557 512 3612 eommunis
526 3557 647 3612 Venerio.
667 3557 709 3612 De
725 3555 820 3628 primo
836 3560 918 3630 porte
935 3557 1054 3630 Imperii
1070 3559 1217 3614 Romania.
1236 3558 1286 3612 Ubi
1299 3557 1352 3612 LP.
1367 3559 1378 3612 i
1393 3560 1465 3613 babet

357 3648 463 3702 domini
473 3646 563 3700 nostri
574 3647 668 3701 Deoia.
688 3645 776 3700 Codex
790 3647 881 3700 Sancti
894 3647 986 3701 Merui:
1007 3650 1050 3703 De
1065 3649 1162 3721 primo
1177 3651 1270 3723 parte,
1283 3663 1345 3720 quae
1357 3647 1463 3703 &uenit

355 3739 494 3794 communi
511 3737 628 3792 Veneete.
644 3737 733 3791 Codex
743 3737 874 3792 biuratorii
885 3739 1071 3793 Ambrosianus
1082 3739 1106 3793 1:
1119 3741 1193 3794 Pure
1205 3743 1350 3794 terrorum
1363 3738 1464 3793 dosuisd

355 3827 652 3884 vomereuomere
665 3827 724 3900 (ubi
737 3829 831 3882 Murat.
841 3829 875 3882 ai.
887 3827 1016 3900 gentis)
1029 3829 1205 3885 Venetorum.
1225 3831 1268 3884 De
1279 3829 1377 3901 primo
1387 3829 1466 3902 porte

357 3919 475 3992 Imperii
494 3918 647 3981 Romanius,
672 3935 733 3991 qum
750 3917 861 3974 devenit
879 3919 1019 3974 communi
1035 3918 1224 3975 Venetiorum.
1249 3920 1322 3974 idem
1340 3919 1466 3975 mouimus

357 4012 384 4065 in
397 4011 578 4082 sequentibus.

310 4101 338 4175 ²)
358 4101 603 4172 Arebadiopoli
637 4102 689 4155 LA.
722 4101 811 4156 Codex
835 4103 874 4156 St.
896 4101 990 4166 Marem
1025 4102 1284 4174 Arobadiopoiis
1305 4104 1424 4157 Ambros.
1445 4101 1464 4154 1.

354 4195 442 4254 LP.1;
463 4194 689 4266 Arohadopoii
704 4195 751 4247 ΒΡ.
766 4195 802 4258 11;
819 4193 1059 4266 Arcadiopolis
1078 4195 1196 4250 Ambros.
1210 4196 1232 4250 11
1245 4194 1461 4250 etflbamnueius.

306 4283 335 4357 ⁸)
355 4283 548 4340 biissiniLA.
564 4285 688 4348 Ambr.1;
709 4284 927 4338 MisinoAmbr.
942 4285 979 4348 11;
998 4285 1229 4360 idosynopoiis
1249 4285 1460 4358 {septenarum

355 4377 518 4448 obsequente
531 4379 560 4429 ut
572 4377 631 4430 aiibi
644 4377 773 4431 Wilbeuo.

308 4467 571 4541 ⁴)Bn1garoiigo
591 4467 656 4530 bA.;
678 4465 899 4537 Bnigaroiieo
919 4467 1007 4522 Ambr.
1021 4469 1053 4521 ΙΙ.
1076 4469 1115 4523 De
1128 4467 1305 4540 Arosdiopoii
1318 4469 1419 4522 Mesene
1430 4465 1456 4516 et

354 4559 554 4629 buigeropbygo
573 4558 672 4628 egimus
685 4557 718 4611 ad
732 4559 837 4612 Paetum
856 4558 1006 4612 Alexianum
1028 4559 1087 4612 enni
1104 4559 1174 4615 1199
1195 4557 1251 4630 (nr.
1265 4558 1373 4612 Lxxxv
1386 4555 1456 4624 hujus
