3130 5082
180 393 326 450 rossum
339 395 482 448 Antxmnm
496 410 549 448 rn
561 393 746 448 susumus
761 391 926 448 Communem
941 408 1112 447 nenovnnso.
1172 383 1246 454 117

69 589 148 636 nune
164 589 298 660 queque
314 565 413 636 nubis
425 565 633 668 eunilientes
645 573 896 658 perseuerant,·
916 573 949 634 et
962 564 1041 643 elin,
1061 587 1125 658 qne
1140 589 1162 635 a
1176 564 1248 635 tlen-

11 681 12 694 ’
68 693 230 786 lntteeepis
238 683 282 784 ¹),
303 697 328 763 i.
349 716 379 762 e.
399 695 436 762 in
455 695 547 762 meri
563 691 795 762 laberantibus
813 694 905 762 uiris
924 701 999 762 nete
1017 705 1120 774 sunt,·
1139 700 1250 786 etque

68 827 208 888 mmmm
232 825 416 913 mouerunt·
429 839 562 897 omnes,
590 820 656 886 etsi
673 839 735 887 nes
753 841 822 887 non
840 816 1017 888 diruemus?
1050 817 1144 887 Unde
1162 830 1197 889 et
1212 821 1251 888 in

69 947 332 1014 remuneratione
362 942 560 1014 leuiumnedi
590 946 742 1037 sprerum
773 947 994 1014 seruitiorum
1028 944 1110 1013 hene
1141 945 1252 1016 uoluit

68 1067 241 1164 Imperium
258 1095 368 1140 meum
388 1093 456 1164 per
467 1093 612 1164 presens
630 1069 871 1140 edrisebultien
890 1093 1078 1140 sermenem
1098 1075 1251 1166 accepere

68 1219 116 1266 ees
128 1219 241 1266 ennue
254 1199 292 1267 in
303 1207 450 1291 tempere
461 1220 544 1289 repe
553 1195 787 1290 sollempniuns
802 1196 922 1268 librar.
935 1195 1023 1278 XX„
1039 1207 1072 1268 et
1083 1207 1122 1269 ut
1135 1197 1250 1269 distri·

68 1323 206 1394 tussim
234 1320 298 1394 hee
324 1327 362 1394 in
381 1327 544 1418 proprius
571 1324 732 1395 ecelesias
758 1323 943 1394 seeundum
971 1329 1122 1420 ipserum
1150 1325 1250 1396 uelle.

67 1449 253 1522 Honoravit
278 1459 389 1520 eutem
417 1460 450 1521 et
477 1451 622 1522 nobilem
649 1451 780 1521 Dneem
807 1477 924 1522 eorum
956 1427 1253 1524 uenerabilissime

62 1577 282 1670 prutesebusti
298 1575 462 1669 dipnitute
479 1599 556 1647 eum
574 1601 658 1670 repe
675 1581 779 1648 etium
797 1603 862 1648 sue
874 1579 1088 1673 plenissima.
1118 1577 1196 1650 Non
1214 1583 1253 1650 in

63 1727 202 1797 persensa
221 1727 304 1773 uere
325 1705 434 1797 ipsius
451 1703 691 1776 determinavit
712 1704 873 1776 miserem
883 1731 898 1790 ,·
923 1705 987 1777 sed
1007 1705 1253 1777 indesinentem

11 1845 12 1848 ’
67 1852 134 1900 esse
156 1839 258 1922 utque
287 1837 490 1924 perpetuum
516 1838 551 1901 et
573 1855 641 1924 per
670 1835 901 1902 successiones
928 1853 1036 1926 usque
1070 1831 1253 1902 seeundum

68 1954 149 2026 diem
168 1951 355 2053 p'tsesn'nt'),
373 1955 527 2028 Ducibus
548 1961 735 2029 trenmnitti
751 1957 939 2053 definitiuis
957 1963 996 2030 in
1014 1961 1109 2030 urbe.
1141 1957 1253 2030 Hene—
1284 2019 1286 2022 .

69 2087 205 2154 renitet
226 2083 462 2154 Petriuredum
481 2109 597 2156 eorum
616 2085 843 2180 dppertimnn,
872 2090 898 2160 i.
919 2111 948 2156 e.
968 2087 1253 2181 supernonerebi-

69 2209 137 2290 len,
163 2235 241 2280 eum
269 2235 353 2304 repa
378 2211 543 2282 librarum
571 2216 708 2306 uipinti.
738 2213 784 2284 Et
801 2215 893 2284 hune
910 2239 994 2284 uere
1013 2215 1174 2284 numerem
1188 2239 1255 2308 per·

69 2339 311 2406 successionem
329 2339 367 2406 in
384 2361 454 2420 ees,
474 2341 536 2432 qui
552 2338 711 2434 deinceps
726 2344 871 2434 fuerint,
901 2339 1123 2410 Petriereltus
1142 2351 1253 2410 truns-

11 2451 13 2460 '
68 2465 171 2542 misit,
199 2471 239 2532 ut
263 2462 320 2534 die
345 2486 475 2556 queque
498 2467 545 2535 sit
571 2463 767 2535 indesinens
786 2475 884 2558 etque
903 2474 1106 2558 perpetuus,
1136 2473 1170 2534 et
1186 2489 1254 2534 nen

70 2595 190 2658 tannem
217 2607 370 2681 persona
402 2592 488 2658 eius.
538 2587 719 2660 Constituit
749 2613 831 2659 uere
864 2589 1049 2684 Imperium
1081 2615 1191 2660 meum
1224 2599 1258 2660 et

11 2745 13 2780 ÷
70 2718 313 2786 sanctissimum
337 2715 514 2786 ecelesiam
541 2719 652 2787 saneti
675 2717 819 2812 apostoli
844 2727 877 2788 et
899 2719 1107 2810 eseunpeliste
1132 2717 1255 2799 Murci,

11 2845 13 2860 '
71 2844 127 2933 qui
142 2850 195 2912 est
210 2844 249 2910 in
274 2840 426 2923 Venetia,
456 2843 497 2911 ub
523 2865 590 2911 uno
610 2865 739 2936 queque
758 2847 796 2913 in
814 2867 937 2936 mupnn
955 2847 1094 2915 ciuitate
1113 2854 1147 2914 et
1164 2847 1258 2914 omni

11 2939 13 3062 Ξ
70 2965 231 3038 Remenin
249 2972 433 3038 tenentium
451 2972 640 3062 erpesterin
658 2961 983 3064 Amnlplsynorum³)
1004 2974 1171 3051 omnium,
1197 2973 1258 3064 qui

11 3089 13 3214 p
71 3103 147 3164 sunt
157 3095 219 3164 sssb
227 3104 394 3189 potestate
407 3098 483 3164 eius
495 3094 629 3188 quidem
643 3089 886 3189 pennatum),
906 3097 1060 3190 accepere
1072 3119 1140 3190 per
1153 3118 1258 3165 unum

11 3269 13 3316 t
71 3241 226 3313 quemque
244 3243 372 3290 annum
390 3223 595 3291 numismate
614 3223 692 3291 triu
718 3220 774 3290 Ad
789 3219 852 3290 ltee
871 3219 973 3291 donet
990 3225 1041 3291 eis
1060 3230 1094 3291 et
1110 3229 1257 3313 erpeste-

72 3348 132 3424 rie,
146 3370 210 3440 pue
223 3355 305 3416 sunt
318 3349 356 3416 in
370 3347 494 3417 memo
509 3345 698 3418 Peremntis
710 3371 787 3418 eum
802 3345 942 3440 eelerijs
955 3351 1040 3426 suis,
1056 3370 1123 3441 que
1135 3347 1260 3416 nubent

72 3475 241 3544 introitum
257 3481 295 3544 et
311 3477 441 3544 exitum
459 3477 497 3544 in
516 3482 629 3554 tetum,
649 3473 740 3568 qued
750 3473 907 3567 precedit
924 3475 964 3543 ab
985 3474 1132 3544 Ebreiee
1150 3497 1259 3569 usque

74 3597 116 3667 ud
135 3599 263 3693 Viplnn,
282 3623 411 3694 queque
424 3599 622 3672 dubitentur
640 3609 754 3696 etque
772 3624 839 3669 nen
858 3599 1066 3681 dubitentur,
1086 3609 1119 3670 et
1132 3603 1169 3670 in
1184 3603 1257 3694 qui·

76 3723 131 3795 tus
155 3724 306 3796 Venetici
321 3733 525 3819 permanent
547 3736 581 3796 et
600 3725 705 3796 Greci
720 3729 810 3796 sieut
826 3726 1048 3818 eupasia-eju·
1076 3733 1110 3795 et
1125 3728 1258 3795 meriti-

77 3871 141 3922 mes
165 3851 222 3923 m
245 3853 366 3933 sendus,
399 3854 527 3948 quein
554 3852 710 3948 predicte
738 3855 853 3947 speeie
881 3853 1118 3923 terminantur.
1148 3850 1260 3922 Donet

99 4127 124 4200 ¹)
142 4132 367 4186 sstGraeeavsx:
386 4132 607 4192 tutamentum.
716 4129 744 4203 ⁸)
764 4132 781 4184 i.
809 4147 832 4183 e.
858 4129 1181 4201 Amslphitanornm.
1219 4131 1259 4184 De

99 4217 125 4290 ²)
142 4223 179 4276 sie
192 4223 245 4277 tn.
255 4226 293 4276 ut
306 4223 360 4294 qui
373 4239 438 4277 sse.
452 4226 505 4277 ete.
517 4223 567 4276 ΒΡ.
582 4225 635 4293 leg.
762 4219 831 4274 mem
850 4219 970 4292 (Apuliae
996 4221 1060 4273 urbs
1081 4219 1214 4291 interiori)
1234 4224 1262 4274 st

11 4307 12 4316 ³
142 4312 197 4374 iis,
233 4313 291 4383 qui
327 4313 512 4367 seeundum
543 4312 636 4366 dein·
764 4309 1262 4382 Amslfl(litori'l'yrrheuimsrisim-

11 4439 13 4468 ,
139 4420 219 4477 ceps
234 4401 375 4458 tuerint.
764 4399 867 4471 posits)
887 4401 969 4472 probs
990 4399 1198 4470 distinguendis,
1218 4401 1261 4455 edi

763 4489 976 4545 Thessalonicam
990 4493 1108 4544 nostrum
1123 4507 1185 4562 pag.
1198 4492 1261 4546 478.

716 4575 745 4650 *)
764 4579 781 4633 i.
796 4580 1053 4652 epatrieiatus.
