3110 5076
389 341 483 396 lusco.
498 339 531 395 lll
544 356 636 394 tarsu.
654 355 691 392 nn
704 338 790 391 dnus.
805 337 837 390 lll
849 337 908 390 lus.
922 335 967 390 Cr.
1188 329 1264 402 243

85 513 235 604 inspicias
254 513 434 593 ueritatem,
453 512 552 605 longe
572 510 665 581 aliter
684 507 846 602 intelliges
866 509 1077 582 sentiendum.
1099 519 1264 590 Bonorum

86 641 166 710 eninr
187 641 331 710 omnium
351 639 459 722 dator,
480 641 532 733 qui
553 636 670 708 reddet
687 635 858 729 urnicuique
878 639 1055 712 secundum
1075 669 1175 738 opera
1193 671 1263 732 sua,

87 769 136 838 cui
156 769 289 838 servitia
309 775 423 838 coacta
441 789 507 837 non
527 765 671 859 placent,
696 763 832 834 liberum
853 764 971 835 homini
991 773 1156 842 concessit
1174 774 1264 844 arhi-

80 871 196 979 ¹tnium,
223 903 260 966 ut
283 904 382 990 supe'r
409 893 471 978 his,
498 895 530 964 in
550 893 664 986 quibus
683 893 853 962 humanum
871 901 985 986 posset
1003 895 1137 970 inveniri
1157 923 1267 972 reme-

87 1023 191 1105 dium,
229 1022 400 1117 Dominum
434 1043 499 1092 non
525 1025 678 1091 tentaret.
721 1019 885 1112 Scriptum
919 1027 971 1092 est
998 1025 1081 1094 enim
1122 1025 1265 1120 (bivang.

85 1149 199 1221 hlatth.
221 1151 258 1232 4,
280 1151 341 1242 ll:
368 1173 437 1220 uon
455 1150 597 1222 tantalis
614 1147 795 1218 Dmatoum
815 1147 925 1218 Deum
944 1159 1048 1222 tuum.

176 1278 238 1348 Est
255 1277 356 1371 igitur
374 1279 405 1348 in
423 1283 513 1347 tanta
531 1277 728 1347 necessitate
747 1275 858 1369 populi
878 1274 1049 1348 Christiani
1076 1280 1129 1350 uel
1158 1283 1267 1373 potius

86 1407 167 1476 lesu
183 1405 302 1474 Christi
315 1410 381 1474 hm
394 1404 464 1487 tibi,
480 1427 574 1498 quam
588 1403 746 1474 universis
760 1404 845 1474 sacri
859 1401 1059 1496 baptismatis
1073 1407 1157 1477 unda
1171 1433 1269 1480 rena-

86 1533 130 1602 tis
149 1532 255 1602 libero
273 1531 428 1602 utendum
442 1531 588 1614 aemuia,
609 1537 643 1602 ct
659 1529 912 1601 subveniendum
927 1531 1008 1602 exuli
1023 1535 1195 1618 crucilim3
1215 1559 1268 1622 ne,

87 1660 115 1728 si
149 1658 382 1751 redemptionis
414 1657 561 1750 ejusdem
592 1663 703 1728 terrae
738 1663 866 1750 tempas
903 1657 1053 1750 ignotum
1088 1659 1269 1734 hominihus

87 1789 282 1879 exspectare
309 1785 450 1856 volueris
469 1791 503 1855 et
527 1783 604 1854 nihil
627 1807 728 1879 agere
753 1791 865 1879 perte
883 1785 1004 1878 ipsum,
1029 1786 1088 1856 sed
1115 1790 1267 1860 uniuersa

87 1914 275 2007 relinquere
294 1911 497 2006 dispositioni
515 1911 655 1996 diuinae,
674 1911 881 2005 sepulchrum
900 1911 1094 1983 dominicum
1114 1939 1132 1985 a
1151 1915 1270 1986 Sarra-

1 2051 2 2134 }
87 2063 248 2113 cenorum
272 2039 418 2110 manibus
443 2045 575 2132 praeter
599 2045 674 2110 tuae
698 2039 920 2110 subuertionis
946 2041 1096 2111 auxilium
1113 2040 1269 2114 liberetur

89 2176 127 2240 et
144 2167 219 2238 inde
237 2191 298 2261 per
311 2165 541 2260 negligentiam
559 2165 735 2260 lmperialis
749 2167 988 2260 magnificentia
1003 2167 1141 2239 diuinam
1160 2169 1271 2240 incur-

1 2369 2 2386 ,
86 2303 144 2366 rat
156 2297 327 2380 eliensem,
345 2294 431 2366 unde
442 2317 502 2388 per
516 2293 752 2365 solicitudinem
771 2317 862 2364 suam
881 2293 1019 2386 gratiam
1032 2295 1159 2366 Domini
1173 2303 1271 2389 pote-

1 2419 2 2428 '
86 2429 144 2494 rat
173 2423 365 2516 promereri.
409 2419 582 2518 Numquid
613 2424 703 2492 esim
735 2445 870 2493 smmum
896 2419 1039 2492 Domini
1062 2427 1271 2518 capuensem

88 2549 258 2646 numquid
270 2549 488 2622 nomiliarius
506 2551 581 2620 eiua
599 2573 635 2620 es
654 2547 777 2643 (Epist.
793 2549 883 2620 Pauli
896 2549 939 2620 ad
951 2551 1086 2620 Roman.
1107 2549 1166 2635 ll,
1188 2549 1270 2644 34),

88 2685 129 2750 ut
147 2684 260 2748 certus
286 2677 327 2748 de
353 2675 563 2771 ‹hspositione
590 2675 698 2748 diuina
720 2682 799 2748 tunc
824 2677 960 2772 primum
979 2699 1067 2748 arma
1087 2699 1220 2748 mcueas
1239 2678 1271 2749 in

88 2827 241 2899 paganos
261 2803 354 2876 etad
379 2803 602 2874 liberationem
621 2803 932 2897 hierosolymitanae
955 2804 1141 2898 provinciae
1160 2806 1281 2876 accin-'

92 2933 203 3026 garis,
233 2955 306 3002 cum
331 2929 480 3002 dominus
510 2929 655 3002 misereri
684 2929 880 3024 disposuerit
903 2931 1015 3026 populi
1041 2929 1216 3004 Christiani
1241 2939 1276 3004 et

91 3058 309 3130 hereditatem
335 3081 426 3128 suam
452 3057 493 3128 de
516 3057 773 3128 Sarracenorum
796 3058 942 3128 manibus
965 3057 1129 3130 liberare?
1158 3058 1275 3132 Nonne

91 3185 207 3277 legisti
224 3185 267 3256 de
285 3184 451 3256 altitudine
470 3184 650 3256 diuitiarum
669 3186 844 3279 sapientiae
860 3192 894 3256 et
907 3185 1064 3258 scientiae
1083 3185 1159 3258 nei:
1177 3209 1276 3282 quam

92 3311 448 3406 imosprsteraooioa
477 3322 557 3384 aunt
574 3311 713 3405 judicio
740 3315 831 3394 eius,
864 3323 897 3383 et
919 3313 1172 3406 inuestipadilss
1198 3317 1275 3386 oioe

1 3453 2 3514 f
95 3439 195 3510 droa?
221 3437 345 3531 (Epist.
364 3436 454 3510 Pauli
477 3438 520 3510 ad
543 3439 636 3508 Rom.
661 3437 722 3520 11,
751 3437 833 3531 33.)
861 3438 949 3510 Sanc
968 3440 994 3510 si
1015 3439 1142 3510 diuinae
1161 3441 1276 3512 mentis

97 3589 218 3642 areana
241 3567 425 3658 praescires
453 3572 486 3636 et
514 3565 738 3636 liberationem
765 3563 928 3658 sepulchri
952 3566 1102 3636 dominici
1129 3567 1277 3640 occultae

1 3685 2 3690 ’
97 3693 309 3764 revelationis
328 3693 423 3765 oculo
444 3693 669 3787 praecideres,
696 3691 850 3783 numquid
875 3692 933 3764 tibi
956 3694 1155 3764 meritorium
1177 3702 1277 3780 esset,

98 3827 179 3890 tunc
197 3820 332 3912 primum
352 3823 384 3892 in
401 3828 512 3892 terrac
529 3827 663 3894 sauctae
681 3819 857 3890 subsidium
875 3821 1048 3912 proficisci,
1069 3822 1160 3913 quasi
1180 3822 1278 3893 velles

1 3947 2 3978 ¹
99 3947 271 4018 Dominum
297 3949 329 4020 in
355 3971 433 4020 suae
452 3949 671 4044 dispositionis
689 3947 883 4020 executione
900 3949 1038 4040 juuere,
1065 3971 1147 4041 quae
1166 3971 1225 4043 per
1244 3959 1277 4022 te

100 4099 166 4146 nec
189 4075 337 4169 impediri
362 4085 489 4170 posset,
513 4099 573 4149 nec
600 4077 695 4146 etiam
723 4073 924 4170 prorogari?
960 4075 1021 4162 Qui
1040 4075 1103 4148 hoo
1123 4075 1278 4162 sentiunt,

101 4203 214 4274 dicere
231 4203 479 4297 compellentur,
499 4203 680 4297 desipuisse
695 4203 887 4297 Prophetas,
907 4202 962 4295 qui
976 4225 1034 4272 eos
1048 4204 1280 4296 poenitentiam

102 4353 205 4426 agere
236 4330 485 4425 praedicabant,
518 4354 654 4424 quorum
686 4337 857 4426 peceatum
885 4355 924 4402 ex
951 4353 1065 4402 eorum
1094 4336 1280 4426 contemptu

101 4459 192 4530 Deus
210 4457 400 4553 presideret
418 4459 677 4551 aggrauandum.
707 4457 767 4538 Ut,
797 4481 869 4528 curn
894 4457 1016 4530 bloises
1038 4459 1153 4552 jussus
1173 4483 1190 4530 a
1209 4461 1280 4532 Deo

1007 4649 1067 4705 itt·
