3120 5078
276 327 353 400 298
557 339 650 396 liseur
663 340 827 396 Brueurrru
842 357 894 396 ran
907 341 1039 395 Feruens
1053 354 1183 393 urrasro.

275 509 432 582 sacerdos
452 509 548 580 etiam
562 511 605 582 ad
618 511 722 585 altare
740 511 874 585 indutus
893 511 997 582 sacris
1017 509 1161 582 restibus
1180 515 1215 578 et
1233 507 1471 598 imperatorem

276 644 470 732 exspectans
495 661 599 730 usque
626 647 704 732 post
727 639 906 712 meridiem.
943 636 1034 710 liora
1063 635 1260 716 meridiana,
1290 655 1372 702 eece
1402 628 1470 700 duo

274 763 463 834 cubicularii
482 765 623 856 praelati
648 767 800 850 ueniunt,
825 766 912 836 tristi
936 770 1035 859 gestu
1055 785 1168 834 manus
1187 768 1346 852 utrasque
1364 759 1470 829 strin-

276 896 411 983 gentes,
441 889 555 960 dicunt
578 891 813 985 Imperatorem
835 891 944 963 subito
964 896 1140 961 mortuum.
1169 890 1255 958 'lota
1273 885 1472 956 Constanti·

275 1015 465 1109 nopolitano
483 1015 563 1088 urbs
577 1015 685 1111 luget,
701 1025 736 1090 et
749 1019 909 1112 sepelitur
922 1018 954 1088 in
969 1023 1083 1090 sancta
1097 1013 1221 1108 Sophia
1230 1014 1327 1106 juxte
1341 1015 1474 1104 patrem

277 1163 376 1213 suum
395 1141 521 1213 Grisac.

366 1269 416 1338 Ae
441 1268 601 1341 llurtiflez
628 1270 671 1340 ibi
696 1277 835 1365 usurpat
852 1269 1045 1365 dominium,
1071 1267 1105 1336 in
1125 1267 1233 1360 capite
1252 1287 1314 1336 suo
1333 1263 1476 1358 imponit

276 1394 423 1466 diadema
443 1395 626 1489 imperiale.
655 1398 712 1468 lsti
735 1420 888 1470 rumores
913 1395 1014 1488 longe
1033 1395 1165 1488 lateque
1184 1393 1296 1464 rolant
1314 1390 1357 1461 de
1376 1388 1474 1460 subi-

276 1528 375 1593 tanea
394 1544 432 1592 ac
452 1522 627 1616 improvisa
647 1532 752 1595 morte
771 1524 814 1617 pii
834 1523 948 1606 Alerii,
975 1521 1049 1593 nori
1075 1519 1299 1613 imperatoris,
1329 1525 1365 1589 et
1384 1516 1475 1610 quod

276 1647 436 1718 ltlurtitlez
452 1647 608 1741 imposuit
625 1647 686 1718 sibi
705 1649 767 1742 ipsi
786 1649 934 1720 diadema
954 1647 1139 1742 imperiale,
1157 1644 1348 1739 usurpando
1365 1642 1474 1714 dorni-

279 1797 355 1844 num
380 1773 596 1844 Graecorum.
638 1775 836 1846 Perreniunt
867 1774 1081 1846 consimiliter
1107 1779 1143 1844 et
1167 1775 1220 1844 isti
1252 1793 1406 1841 rumores
1433 1769 1476 1840 ad

277 1923 373 1971 aures
383 1899 544 1984 Balduini‚
554 1900 690 1973 Comitis
706 1901 962 1996 Flamingorurn‚
978 1899 1032 1994 qui
1046 1897 1349 1994 peregrinationem
1360 1896 1475 1968 dimit-

277 2033 365 2110 tens,
385 2032 419 2097 et
432 2026 565 2098 indilate
579 2028 897 2122 Constantinopolim
910 2033 1096 2110 revertens,
1118 2031 1154 2097 et
1168 2024 1332 2096 civitatem
1346 2023 1478 2094 intrans

278 2177 350 2225 eam
365 2153 471 2224 claudi
485 2154 577 2226 lecit.
596 2155 666 2227 Sed
684 2155 844 2226 Murtillez
864 2155 978 2248 codgit
995 2153 1189 2226 Baldninum
1207 2156 1323 2246 portas
1341 2147 1478 2242 aperire

279 2287 315 2352 et
348 2281 582 2364 retrocedere;
620 2287 656 2352 et
682 2283 771 2376 quod
800 2279 1156 2372 constantinopolitani
1184 2301 1250 2350 non
1278 2275 1478 2370 indigebant

279 2406 478 2478 Gallicorum
497 2429 556 2478 seu
575 2406 789 2490 Venetorum,
809 2413 844 2478 et
862 2407 991 2476 minime
1010 2406 1051 2477 de
1071 2405 1210 2476 consilio
1228 2425 1292 2474 nec
1310 2401 1478 2495 regimine

280 2555 407 2604 eorum.
443 2534 580 2626 lnsuper
606 2533 744 2604 inhibuit
771 2534 833 2604 sub
858 2555 966 2625 poena
991 2533 1127 2624 capitis,
1157 2533 1296 2625 nequis
1323 2527 1477 2602 victualia

279 2659 439 2730 balduino
459 2665 494 2730 et
511 2661 579 2731 suis
593 2660 714 2732 vendat
726 2683 787 2730 seu
800 2659 868 2743 det,
888 2681 950 2730 nec
964 2661 997 2730 in
1011 2659 1269 2753 quibuscumque
1283 2657 1476 2738 subrenint;

281 2786 416 2879 insuper
430 2795 465 2856 et
478 2785 638 2858 llurtiflez
652 2786 693 2858 de
707 2792 808 2858 nocte
828 2785 913 2856 clarn
933 2785 1076 2858 destinet
1089 2791 1232 2879 quatuor
1245 2783 1347 2856 mulas
1361 2805 1478 2866 nares,

281 2913 447 3006 accipiens
466 2913 499 2983 in
517 2919 636 3006 portu,
660 2912 775 3006 plenas
792 2914 902 2984 resina
921 2921 956 2983 et
974 2911 1117 2995 sulfure,
1143 2911 1218 2982 oleo
1238 2917 1273 2982 et
1297 2911 1377 3005 igne
1396 2932 1479 2980 suc·

283 3061 416 3121 censas,
444 3044 479 3108 et
498 3039 585 3130 quod
611 3061 685 3110 cum
708 3037 830 3110 reflexu
856 3039 955 3109 maris
980 3044 1014 3108 et
1039 3045 1139 3109 uento
1158 3038 1199 3108 ad
1224 3037 1290 3110 hoc
1308 3056 1477 3130 prospero

280 3165 494 3236 combureret
519 3164 660 3237 classem
684 3164 885 3236 Venetorum
911 3170 948 3234 et
972 3163 1181 3236 Gallicorum.
1219 3163 1268 3236 Ae
1294 3162 1476 3234 Balduinus

283 3290 436 3362 astutiam
462 3298 498 3364 et
520 3291 670 3362 fraudem
693 3289 854 3362 Murtiflez
879 3291 1083 3383 percipiens,
1112 3312 1212 3362 nares
1236 3311 1418 3360 succensus
1438 3311 1479 3358 ex

284 3417 388 3488 altera
410 3424 506 3511 parte
530 3419 639 3511 ripae,
666 3417 722 3488 ubi
748 3417 860 3511 plures
886 3423 981 3488 erant
1006 3415 1123 3488 domus
1151 3422 1185 3487 et
1208 3415 1296 3488 bona
1319 3415 1478 3509 bospitio,
1558 3461 1559 3466 ,

284 3543 402 3614 ibidem
421 3543 599 3616 Balduinus
617 3567 674 3616 eas
689 3543 788 3637 dirigi
806 3542 900 3627 lecit,
920 3549 954 3613 et
971 3541 1045 3614 illae
1063 3541 1191 3614 fundito
1211 3541 1317 3613 villam
1336 3563 1479 3614 eonem
1558 3587 1559 3616 ;

286 3677 433 3750 marunt;
467 3670 684 3762 permaximus
710 3693 855 3742 murmur
882 3671 989 3742 oritur
1014 3675 1132 3743 contra
1154 3667 1315 3742 llurtiller
1332 3641 1362 3740 'a
1386 3667 1479 3738 Con·
1558 3661 1559 3674 ³

285 3795 577 3889 stantinopolitano
595 3797 731 3891 populo.

377 3923 523 3995 Tandem
542 3929 643 3996 noete
657 3923 759 3996 altera
773 3905 1011 4017 superveniens
1028 3921 1206 3994 Balduinus
1225 3920 1359 3994 Galatas
1379 3921 1478 4014 cepit,

287 4071 362 4120 cum
380 4049 478 4120 scalis
497 4073 608 4122 muros
627 4049 788 4134 ascendit,
813 4056 943 4144 portam
962 4071 1042 4120 rere
1062 4049 1240 4132 Romanam
1257 4048 1421 4130 lueretur,
1446 4051 1479 4116 et

285 4198 348 4268 per
366 4198 479 4248 muros
496 4177 571 4248 bine
590 4176 665 4247 inde
684 4176 868 4261 ambulans,
889 4182 925 4246 et
941 4175 1071 4247 leonem
1089 4175 1208 4246 ibidem
1226 4195 1368 4266 ponens.
1397 4171 1478 4264 Epi-

288 4324 411 4396 scopus
430 4325 509 4374 rero
528 4303 791 4386 suessionensis,
813 4302 976 4376 ilenrieus
994 4323 1107 4374 comes
1125 4300 1350 4394 Andegariae,
1376 4298 1479 4370 irater

290 4428 439 4522 ejusdem
453 4431 582 4500 comitis
596 4430 756 4514 Balduini,
771 4435 900 4523 portam
915 4430 945 4500 ri
959 4429 1159 4524 aperientes,
1168 4427 1286 4500 Veneti
1301 4431 1336 4496 et
1348 4423 1477 4506 Franci,

290 4554 345 4648 qui
373 4554 415 4625 de
442 4555 525 4625 loris
554 4565 665 4641 erant,
699 4557 816 4628 urbem
840 4557 1027 4628 subintrant
1054 4560 1089 4626 et
1116 4553 1277 4626 blurtiliez
1301 4556 1334 4623 in
1358 4549 1477 4645 petatio
