3148 5080
384 333 512 390 Bouario
525 334 629 389 Annxrr
643 333 654 388 l
667 333 795 389 Vruanrs
808 331 853 388 Cr.
868 349 968 388 sacru.
1220 323 1269 394 43

69 504 175 576 tirerit
202 527 265 600 per
289 505 437 600 judicem
466 513 499 576 et
527 529 588 600 per
611 505 790 577 Romanam
813 507 939 599 legen,
971 529 1043 600 quae
1068 507 1100 576 in
1118 505 1273 600 prasenti

70 632 196 725 pagina
221 634 347 728 scripta
376 655 451 704 esse
475 633 623 706 videatur
647 633 679 703 in
705 641 821 726 quarto
842 634 986 729 capitulo
1006 632 1156 727 ejusdcm
1175 633 1270 725 legis.

73 758 172 845 Quia,
193 761 221 830 si
236 761 311 854 quis
325 759 550 852 inimicus(oa)
570 761 653 831 inlia
667 761 867 854 provinciam
887 759 1069 833 inuitauerit
1088 768 1145 832 aut
1163 761 1271 830 intro-

74 886 217 971 duxerit,
238 889 354 960 animae
369 911 437 960 suae
451 889 597 959 incurrat
616 889 808 983 periculum,
829 895 862 959 et
881 911 936 960 res
951 891 1024 982 ejus
1043 879 1271 978 inferantur¹).

165 1014 308 1108 Signum
326 1037 441 1086 manus
465 1015 589 1086 Prioris
608 1015 784 1110 Spalatinae
804 1017 943 1088 civitatis
962 1015 1122 1110 Stephani
1141 1013 1272 1098 Valizae,

75 1140 131 1232 qui
147 1138 215 1212 hoc
233 1141 364 1235 rogarit
382 1141 465 1213 lieri.
493 1140 538 1212 Et
556 1165 751 1217 successere
771 1164 903 1228 ornnes,
930 1141 983 1236 qui
1003 1140 1272 1238 supranominati,

76 1265 303 1352 subscribunt,
323 1274 491 1362 utsupra,
511 1269 586 1338 inde
604 1269 636 1338 in
655 1267 758 1340 calce.

167 1395 246 1489 Ego
256 1395 466 1481 Laurentina,
482 1402 604 1468 sancta
614 1395 814 1469 Salonitanae
824 1394 975 1467 ecclesiae
991 1393 1274 1490 archiepiscopus,

77 1521 207 1594 ratifico
228 1531 264 1595 et
283 1525 454 1595 conlirrno.

165 1649 244 1744 Ego
264 1653 450 1734 lominus,
469 1649 632 1722 Norensis
653 1649 840 1744 episcopus,
860 1649 987 1721 ratilico
1008 1655 1041 1720 et
1060 1647 1231 1720 confirmo.

165 1777 242 1873 Ego
252 1779 412 1862 loannes,
427 1778 528 1848 abhas
538 1777 642 1848 sancti
656 1776 899 1860 Bartholomaei‚
915 1775 1041 1846 ratiflco
1054 1783 1088 1846 et
1098 1776 1271 1846 confirmo.

167 1904 245 1998 Ego
258 1905 484 1990 Praestantius,
496 1902 912 1999 episcopnsBelgradensi‚
923 1903 1050 1974 notifico
1061 1905 1274 1975 etconfirmo.

166 2033 289 2102 Petrus
309 2031 471 2115 Hencins,
494 2031 607 2102 Sancti
631 2029 732 2101 llarci
761 2029 920 2101 diaconus
940 2035 973 2100 et
997 2029 1098 2100 Ducis
1117 2028 1275 2114 Venetiae,

81 2157 200 2229 donnini
219 2158 324 2242 Siluii,
344 2157 544 2254 capellanus,
564 2165 703 2251 rogatus
723 2181 743 2229 a
762 2157 858 2228 dictis
877 2155 1072 2240 hominibus,
1092 2157 1223 2252 scripsit
1243 2165 1276 2228 et

83 2283 259 2380 compleuit
277 2284 430 2358 feliciter.
504 2271 505 2274 ¹

635 2429 731 2501 llllll.

229 2553 358 2619 οοιοοο
375 2553 470 2620 llerll
487 2555 499 2618 l
517 2555 709 2637 luperstorls
725 2553 846 2618 tenetls
863 2551 1028 2636 Opellttnls
1044 2553 1135 2616 laetu.

529 2675 577 2748 (A.
591 2675 618 2730 d.
631 2674 837 2746 lost-1090.)

172 2785 236 2849 cfr.
260 2786 393 2874 diploma
418 2789 486 2852 anni
512 2787 611 2860 toan,
629 2807 675 2850 nr.
692 2785 781 2850 llllll.
806 2785 894 2850 huius
911 2783 1121 2850 collectionis:
1146 2785 1278 2864 „domus

1 2903 2 2973 g
86 2940 93 2954 .
111 2941 118 2954 .
136 2943 143 2956 .
160 2941 167 2956 .
184 2896 289 2960 eidem
304 2896 495 2961 monasterio
512 2897 540 2961 b.
560 2895 691 2982 Georpii
706 2941 713 2955 .
732 2942 739 2956 .
758 2943 765 2957 .
783 2899 904 2960 tantum
927 2895 966 2958 dc
987 2895 1105 2960 nostia
1124 2895 1276 2981 proprie-

1 3001 3 3070 l
84 3003 247 3070 tatibus..
268 3011 468 3092 .qucntum
482 3025 541 3070 noa
553 3005 593 3070 ab
606 3003 803 3090 Imperatore
815 3003 961 3070 Alexio
947 3003 1146 3068 snocnimua“
1162 3051 1276 3068 .....

1 3167 3 3197 ‚
85 3113 229 3190 „scilicet
249 3114 401 3179 dmm
386 3135 422 3179 m
439 3116 570 3201 pesato
591 3113 783 3178 monasterio
804 3111 838 3177 S.
858 3113 1023 3200 Georpii
1009 3134 1113 3200 speum
1137 3114 1278 3200 oopyllio

1 3213 2 3236 ³
86 3221 173 3288 citata
191 3269 332 3286 ......
349 3243 421 3288 mou
445 3223 520 3288 totas
543 3223 611 3288 eiua
635 3222 793 3287 labentiia
809 3228 840 3285 ct
853 3221 1056 3308 pertinentiis
1078 3223 1118 3288 ab
1140 3223 1227 3288 intus
1247 3230 1279 3287 ct

82 3329 169 3410 [οπο.
184 3331 359 3400 secundans
375 3331 461 3419 quod
473 3331 563 3398 nobis
578 3331 709 3396 advenit
724 3351 746 3395 a
761 3331 990 3418 prememorati
1004 3330 1116 3396 lucii
1135 3330 1278 3418 Impera·

1 3439 2 3444 ’
86 3439 191 3504 toris.“
212 3487 329 3503 .....
346 3440 459 3506 &mus
477 3488 484 3502 .
504 3487 511 3503 .
531 3489 537 3502 .
553 3487 561 3502 .
574 3445 774 3526 potestaten,
790 3440 961 3504 secundom
976 3439 1061 3526 quod
1074 3439 1226 3511 diximus,
1251 3446 1282 3502 ct

87 3548 124 3613 ot
134 3558 373 3636 ροοπιπηονοίο
388 3549 586 3637 Imperatore
600 3549 717 3614 Αἱοοίο
742 3549 831 3614 nobis
855 3549 985 3614 advenit
1008 3570 1070 3636 par
1088 3549 1154 3614 iam
1176 3547 1280 3613 dictos

1 3681 2 3684 ¹
88 3655 268 3744 imperiales
283 3660 458 3725 cartutoa“.

628 3789 739 3860 XXlll.

1 3898 2 3908 ’
92 3909 322 3994 tlryselsnlllun
344 3912 440 3980 llerll
461 3913 475 3976 l
496 3913 688 3998 lnpersterls
712 3913 831 3979 tenetls
857 3919 962 3978 contra
985 3911 1166 3977 ltsrnrannss
1190 3915 1280 3978 seclis

598 4039 777 4086 concessura.

495 4171 497 4178 ·
534 4142 834 4206 n.d.1082,n.llaio.

172 4255 314 4320 Andreas
346 4253 549 4320 Dandulus
581 4254 686 4320 chron.
719 4253 738 4316 l.
773 4274 798 4318 c.
832 4274 861 4338 p.
896 4251 980 4319 249:
1019 4253 1151 4343 Sumpta
1183 4255 1284 4344 ipitor

94 4361 222 4451 lupario
243 4372 279 4428 ct
299 4363 420 4430 moos
441 4365 518 4429 leue
541 4363 703 4451 deponitis
718 4361 853 4429 Alesios
874 4385 945 4430 cum
968 4363 1091 4451 inpasti
1113 4364 1229 4431 milc'tc'c
1253 4375 1284 4432 ct

92 4495 420 4510 —u———n——n—
468 4489 472 4500 ¹

1 4577 2 4606 1
117 4542 138 4613 ¹]
156 4543 220 4599 Soil.
234 4542 266 4598 iu
279 4543 444 4598 aerarium.
464 4542 492 4597 ln
507 4531 684 4598 ootinlsi.
