3130 5078
285 345 361 420 524
616 358 710 413 innoc.
724 357 758 413 ln
770 373 861 412 nrrsr.
874 374 911 415 aa
924 373 1071 413 :orsoenos
1084 355 1131 413 Ge.

808 527 943 600 CXXIX.

283 669 472 733 innocentius
504 669 545 732 iil
578 667 729 752 Eptsmpls
761 674 792 734 et
823 669 981 734 titedius
1017 669 1181 750 ueterisque
1214 667 1352 774 tilerias,
1387 666 1467 749 spui

620 779 902 864 constantinopolin
926 779 1128 844 existentitus.

281 903 434 970 Laetatur
456 904 495 968 de
517 905 622 970 reditun
637 905 800 970 Ecclesiae
816 905 1184 992 Constantinopolitanae
1197 903 1243 968 ad
1257 901 1467 968 obedientiam

281 1013 475 1098 apostolicae
485 1012 585 1084 Sedis.
602 1019 634 1078 a
649 1013 831 1080 electionem
843 1013 1056 1079 Patriarctae
1066 1014 1106 1077 ab
1122 1013 1202 1100 ipsis
1214 1015 1336 1096 saetam
1352 1011 1466 1076 deon-

427 1142 504 1184 nens
520 1121 653 1194 irritam.
671 1123 801 1186 eandem
817 1123 1006 1188 oumomtate
1021 1122 1203 1208 apostolica
1218 1121 1317 1207 olipit.

638 1253 668 1310 Α.
682 1255 707 1309 d.
721 1255 801 1316 1205,
820 1255 862 1308 die
874 1255 917 1308 21.
935 1272 968 1308 nr.
981 1254 1105 1308 ianuarii.

371 1374 494 1437 innoc.
520 1374 556 1438 lll
580 1377 668 1458 epist.
694 1375 744 1438 lib.
771 1374 838 1450 Vll,
863 1394 910 1458 ep.
936 1373 1022 1438 cem
1046 1375 1094 1438 ed.
1120 1373 1343 1458 Brequigny
1367 1373 1404 1436 Τ.
1427 1372 1465 1446 ΙΙ,

283 1502 352 1566 pag.
372 1482 446 1545 619.
472 1481 534 1545 co.
552 1481 711 1546 Wilken.
729 1483 748 1546 Ι.
766 1482 786 1544 l.
806 1483 839 1554 V,
863 1503 893 1567 p.
912 1483 987 1546 340.
1005 1479 1080 1546 341.

372 1613 570 1707 Evangelica
596 1613 736 1685 docente
761 1615 922 1709 scriptura
945 1615 1080 1708 (evang.
1109 1614 1206 1685 Luce
1232 1613 1274 1698 5,
1302 1613 1347 1706 3)
1378 1613 1464 1684 didi-

283 1741 401 1823 cimus,
422 1729 510 1831 quod
530 1739 711 1809 ascendens
729 1741 826 1811 lesus
846 1741 878 1811 iu
897 1763 992 1811 unam
1011 1761 1141 1822 navem,
1162 1761 1246 1832 quae
1265 1744 1337 1808 erat
1355 1741 1467 1810 Simo-

281 1870 343 1951 nis,
369 1869 499 1960 rogarit
518 1891 587 1938 eum
606 1868 765 1938 reducere
785 1873 909 1938 eterra
928 1865 1099 1960 pusillum
1128 1871 1162 1936 et
1180 1865 1301 1937 sedens
1321 1865 1466 1938 docebat

282 1993 323 2065 de
348 1994 494 2065 navicula
518 1995 642 2066 turbas.
679 1995 773 2066 Sicut
797 2019 856 2090 per
881 2017 970 2064 mare
995 1993 1160 2076 seculum,
1191 1995 1236 2064 ita
1261 2015 1322 2086 per
1348 2017 1464 2064 narem

280 2120 440 2204 Ecclesia,
460 2127 493 2192 et
511 2145 571 2214 per
589 2128 660 2193 rete
680 2122 879 2216 praedicatio
900 2120 1102 2212 designatur.
1132 2121 1228 2190 Navis
1248 2141 1331 2212 ergo
1351 2119 1464 2190 Simo·

281 2249 330 2318 nis
356 2253 408 2317 cst
434 2246 580 2318 Ecclesia
605 2249 712 2331 Petri,
738 2271 821 2342 quae
848 2247 932 2317 bene
956 2247 1075 2316 dicitur
1093 2268 1173 2327 una,
1201 2246 1275 2340 quia
1295 2245 1464 2317 catholica

281 2370 428 2444 Ecclesia
448 2396 511 2443 una
532 2379 601 2456 est,
630 2396 725 2466 quam
745 2373 894 2444 Christus
914 2372 1075 2444 commisit
1092 2375 1190 2444 Petro
1210 2371 1409 2464 regendam,
1429 2379 1466 2442 ut

280 2502 386 2571 unitas
406 2501 593 2570 divisionem
612 2499 771 2571 excludat.
801 2500 958 2571 Ascendit
977 2506 1085 2570 autem
1105 2501 1201 2570 lesus
1221 2505 1306 2569 etc..
1320 2551 1353 2568 ..

374 2627 444 2696 Alia
471 2628 558 2698 navis
586 2633 658 2697 crat
676 2629 878 2699 Graecorum
897 2627 1067 2708 Ecclesia,
1093 2649 1177 2720 quac
1200 2627 1280 2696 iecit
1302 2649 1340 2695 se
1359 2625 1465 2708 aliam,

282 2777 356 2824 cum
385 2753 425 2823 ab
450 2754 573 2824 unitate
601 2754 790 2824 uniuersalis
817 2753 985 2825 Ecclesiae
1011 2779 1048 2824 se
1071 2751 1211 2824 alienare
1235 2753 1464 2846 praesumpsit.

281 2881 324 2951 Et
343 2880 404 2950 illis
423 2880 552 2975 quidem
571 2881 742 2965 innuimus,
764 2905 836 2952 cum
851 2905 910 2951 eos
924 2905 985 2975 per
998 2881 1109 2952 literas
1129 2887 1163 2950 et
1181 2879 1313 2950 nuntios
1331 2885 1465 2950 nostros

282 3008 475 3088 monuimus,
496 3015 532 3076 ut
551 3008 697 3078 venirent
716 3015 749 3078 et
767 3007 958 3100 adjuvarent
978 3030 1050 3091 uos,
1071 3007 1102 3077 id
1124 3014 1186 3088 est,
1206 3011 1242 3076 ut
1259 3011 1464 3076 revertentes

282 3139 488 3206 resumerent
510 3138 636 3228 partem
655 3133 881 3206 sollicitudinis
901 3141 1051 3216 nostrae,
1076 3140 1229 3225 tauquam
1248 3132 1465 3226 coadjutores

282 3260 531 3356 dispensationis
545 3260 640 3330 nobis
660 3259 836 3354 injunctae.
857 3259 1023 3332 Venerunt
1037 3265 1145 3331 autern
1164 3282 1224 3352 per
1239 3259 1291 3329 dei
1304 3261 1463 3353 gratiam

283 3387 373 3480 quia,
399 3391 572 3480 postquam
596 3386 710 3458 diebus
736 3389 807 3458 istis
828 3387 1220 3482 Constantinopolitanum
1249 3385 1420 3479 imperium
1445 3409 1465 3456 a

285 3513 419 3584 Graecis
438 3513 628 3584 translatum
648 3521 698 3584 est
717 3515 758 3584 ad
778 3513 930 3598 Latinos,
956 3513 1105 3585 Ecclesia
1126 3536 1255 3606 quoque
1276 3511 1466 3582 Constanti-

283 3639 471 3734 uopolitana
491 3641 647 3712 rediitad
666 3641 884 3713 obedientiam
904 3641 1103 3736 apostolicae
1122 3641 1230 3724 Sedis,
1251 3647 1405 3734 tauquam
1424 3638 1466 3708 ad

282 3777 417 3838 matrem
435 3767 512 3852 tilia,
532 3777 566 3839 et
584 3769 761 3840 membrum
777 3768 817 3839 ad
833 3773 941 3861 caput,
962 3777 997 3839 ut
1010 3769 1094 3838 inter
1108 3791 1168 3837 nos
1184 3774 1217 3838 ct
1232 3767 1306 3836 illos
1321 3767 1466 3837 societas

281 3893 415 3964 indivisa
435 3895 476 3964 de
491 3901 603 3964 cetero
619 3903 818 3989 perseueret.
848 3881 934 3966 Sane
953 3895 1092 3965 fatemur
1110 3893 1182 3964 illos
1200 3894 1334 3976 iratres,
1355 3895 1466 3964 socios

282 4029 316 4091 et
334 4021 466 4104 amicos,
487 4022 571 4113 quia,
591 4021 668 4092 licet
687 4046 787 4114 super
807 4047 865 4093 cos
884 4023 1095 4116 praelationis
1115 4021 1257 4091 officium
1275 4019 1467 4100 habeamus,

282 4147 363 4217 haec
381 4154 490 4218 tamen
509 4148 667 4240 praelatio
688 4172 753 4219 non
774 4149 897 4219 inducit
911 4149 1096 4232 dominium,
1116 4147 1175 4217 sed
1194 4148 1304 4241 potius
1324 4149 1467 4218 seruitu-

282 4282 359 4358 tem,
371 4276 464 4368 juxta
479 4278 565 4368 quod
574 4277 730 4348 Dominus
745 4280 849 4370 inquit
862 4278 1020 4372 apostolis
1037 4277 1173 4368 (evang.
1186 4277 1284 4347 Eucae
1296 4276 1360 4360 22,
1377 4277 1466 4367 tm:

279 4407 455 4500 principes
471 4409 622 4497 pontium
637 4405 854 4476 dominantur
867 4427 999 4484 eoram,
1020 4413 1053 4474 et
1065 4405 1125 4498 pai
1135 4411 1331 4497 potestatem
1344 4403 1468 4474 tolera

283 4553 386 4624 saper
410 4554 483 4608 eoa,
518 4532 658 4628 benefici
686 4541 857 4602 uocantur.
904 4530 965 4602 Vos
995 4539 1104 4601 notem
1134 4553 1202 4600 non
1226 4532 1297 4610 cte‚·
1325 4528 1388 4598 sed
1407 4533 1468 4623 pai
