3130 5078
418 360 513 415 isaac.
527 358 560 414 lll
572 375 661 414 aaran.
676 377 714 414 an
728 375 877 416 consceres
891 359 939 416 Gar
962 385 966 394 ·
1190 349 1266 422 527

88 533 180 607 clero
200 533 405 606 venetiarum
425 537 644 604 assumeretur
658 533 706 602 vir
719 529 868 616 idoneus,
888 533 1164 625 etpraeliccretur
1178 532 1268 604 Onn-

88 659 397 756 stantinopolitanae
411 657 581 732 Ecclesiae
590 657 791 732 Patriarcba.
818 659 900 730 Cum
916 681 998 751 ergo
1014 658 1143 752 quidam
1158 658 1268 730 clerici

87 787 286 882 Venetorum
305 787 444 858 luissent
457 785 626 858 Ecclesiae
645 791 778 858 sanetae
792 784 935 880 Sophiae
954 787 1090 857 servitio
1110 786 1268 879 deputati,

87 937 130 987 ne
149 914 308 1012 acephali,
327 917 398 987 sine
413 917 531 1010 eapite,
551 913 749 997 riderentur,
770 913 811 984 de
824 914 1043 1006 praeficiendo
1058 913 1121 984 sibi
1135 919 1268 1008 pastore

86 1047 280 1126 tractantes,
300 1047 523 1114 convenerunt
536 1043 568 1112 in
583 1062 692 1124 unum,
712 1047 747 1110 et
761 1039 914 1112 dilectum
927 1041 1036 1124 lilium,
1052 1040 1268 1132 TffiomamJ,

87 1170 323 1242 subdiaconum
344 1176 501 1254 nostrum,
522 1171 555 1239 in
572 1167 793 1242 Patriarcbam
813 1171 1007 1240 unanimiter
1026 1163 1210 1264 elegerunt,
1236 1175 1269 1240 et

87 1296 366 1369 confirmationem
395 1297 565 1368 electionis
593 1318 672 1368 suae
699 1317 759 1392 per
786 1299 917 1368 nuntios
943 1297 1097 1390 proprios
1124 1319 1142 1366 a
1172 1295 1267 1366 nobis

87 1424 254 1498 humiliter
280 1424 503 1518 postularunt,
530 1421 631 1495 nobili
654 1425 724 1494 viro
750 1421 916 1508 Heorico,
942 1423 1032 1495 Duce
1058 1423 1266 1507 Venetorum,

87 1574 149 1645 per
162 1551 324 1623 solemnes
341 1551 474 1622 nuntios
488 1575 566 1622 suos
586 1550 670 1621 idem
686 1573 758 1622 cum
774 1553 925 1622 instantia
939 1551 1139 1643 requirente.
1159 1551 1266 1643 lmpe-

87 1679 179 1750 rialis
205 1701 334 1773 quoque
360 1677 539 1748 sublimitas
567 1701 626 1771 per
652 1701 727 1748 suas
747 1676 841 1748 nobis
866 1675 978 1748 literas
998 1676 1208 1770 supplicavit,
1232 1683 1269 1748 ut

87 1807 324 1877 conventiones
350 1807 435 1876 inter
461 1827 532 1876 eum
552 1827 591 1876 ac
610 1807 805 1900 peregrinos
824 1829 864 1876 ex
882 1828 945 1876 una
964 1811 1072 1899 parte,
1098 1806 1267 1897 ipsumque

85 1933 211 2004 Ducem
230 1955 270 2002 ac
289 1931 432 2003 Venetos
459 1956 498 2003 ex
522 1931 640 2015 altera,
665 1933 760 2002 initas
779 1938 853 2002 ante
873 1931 1123 2002 debellationem
1141 1931 1267 2025 Regiae

85 2060 227 2130 civitatis
246 2061 359 2152 suique
378 2059 476 2152 sigilli
495 2059 668 2130 munimine
681 2057 863 2140 roboratas,
882 2079 943 2128 nos
957 2065 1044 2128 ratas
1058 2057 1266 2150 dignaremur

85 2185 218 2269 babere,
239 2209 279 2256 ac
293 2209 349 2256 eas
363 2187 567 2256 auctoritatis
582 2177 783 2279 apostolicae
798 2185 970 2256 munimine
984 2184 1161 2266 roborare;
1180 2185 1267 2255 scire

85 2335 148 2382 nos
166 2313 297 2395 volens,
326 2318 362 2382 ut
381 2313 454 2405 ejus
473 2311 581 2383 verbis
601 2319 740 2397 utamur,
761 2313 866 2404 quod,
886 2317 1156 2412 cumprneraorato
1175 2311 1268 2382 Duce

85 2463 126 2510 ac
140 2439 272 2510 Venetis
292 2439 409 2510 bonam
425 2439 616 2510 societatem
630 2437 790 2510 babuerat
804 2445 837 2508 et
849 2437 989 2521 fidelem,
1010 2446 1043 2510 et
1062 2461 1121 2510 eos
1140 2461 1266 2534 coope-

83 2573 215 2638 ratores
245 2565 459 2660 probissimos
490 2571 524 2636 et
549 2565 702 2636 ellicaces
727 2565 768 2636 ad
792 2563 949 2636 honorem
969 2565 1039 2648 dei,
1074 2572 1106 2636 et
1134 2572 1266 2638 sanctae

84 2695 250 2764 Romanae
268 2691 451 2776 Ecclesiae,
472 2715 510 2762 ac
525 2691 652 2784 lmperii
667 2692 1030 2786 Constantinopolitani,
1049 2693 1136 2764 sieut
1154 2717 1265 2766 eorum

14 2843 22 2856 ·
85 2843 190 2914 opera
207 2819 423 2902 testabantur,
448 2820 632 2902 invenerat,
659 2825 692 2888 el
718 2820 749 2888 in
773 2819 883 2890 luturo
903 2819 1112 2892 desiderabat
1130 2819 1263 2904 babere,

84 2969 158 3019 cum
179 2947 219 3018 ad
238 2947 367 3041 imperii
386 2947 551 3038 regimen,
579 2951 613 3016 et
637 2945 880 3016 subventionem
899 2947 1023 3018 Terrae
1048 2953 1197 3030 sanctae,
1224 2971 1263 3018 ae

84 3073 242 3145 unitatem
274 3071 443 3143 Ecclesiae
477 3073 730 3146 conservandam
770 3073 857 3142 utilis
890 3079 924 3142 et
955 3074 1140 3146 necessaria
1174 3081 1263 3144 esset

82 3200 225 3272 societas
244 3199 444 3281 eorumdem,
464 3221 525 3269 nec
544 3201 614 3269 sine
634 3199 790 3270 societate
808 3199 1089 3293 ipsorumpariter
1103 3207 1261 3272 elamore

83 3326 127 3398 ad
144 3325 303 3398 honorem
316 3325 376 3396 Dei
396 3331 429 3396 et
447 3325 647 3418 apostolicae
661 3324 757 3396 Sedis
771 3327 844 3419 regi
863 3332 979 3417 posset
991 3327 1076 3398 idem
1091 3327 1260 3422 Imperium

82 3446 356 3547 competenter¹).
386 3453 472 3524 ldem
497 3475 627 3546 quoquc
650 3452 745 3522 nobis
771 3453 831 3524 sub
850 3452 962 3523 ‘verbis
987 3453 1109 3526 eisdem
1134 3454 1260 3526 nobiles

79 3577 1258 3675 viri,B[ooiforius],marchiollontisferrati,b[odooieua],lllesensis

81 3713 116 3777 et
134 3705 232 3800 Hupo
251 3709 355 3778 sancti
372 3705 475 3790 Pauli,
494 3707 643 3788 comites,
663 3729 722 3799 per
741 3729 817 3778 suas
835 3706 948 3777 literas
966 3706 1162 3776 intimarunt.

172 3831 242 3904 Nos
261 3855 357 3926 ergo,
380 3835 535 3926 scripturn
555 3835 803 3904 conventionum
823 3835 966 3928 ipsarum
985 3832 1132 3925 ejusdem
1152 3833 1260 3926 lmpe·

78 3960 202 4032 ratoris
217 3966 250 4031 et
269 3962 412 4053 ipsorum
428 3959 623 4032 marchionis
638 3967 672 4031 et
685 3961 837 4036 canutum
851 3959 966 4054 sigillis
980 3961 1132 4031 munitum
1147 3935 1275 4030 coram*

79 4085 177 4158 nobis
201 4087 327 4182 perlegi
355 4088 531 4171 iacientes,
560 4088 723 4158 contineri
747 4087 970 4180 perspeximus
993 4087 1026 4156 in
1051 4087 1191 4171 eisdem,
1225 4094 1260 4157 ut

78 4212 190 4286 clerici
209 4209 313 4308 partis
332 4215 428 4298 illius,
448 4213 489 4283 de
505 4237 568 4306 qua
582 4237 647 4286 non
662 4214 870 4307 contingeret
883 4214 1114 4308 imperatorem
1127 4215 1258 4297 assumi,

75 4327 188 4412 libere*
205 4340 266 4411 sibi
286 4341 448 4435 eligerent
473 4339 704 4412 Patriarcham.
735 4340 815 4412 Cum
842 4363 924 4431 ergo
950 4340 1133 4433 hujusmodi
1160 4341 1256 4412 nobis

103 4567 133 4641 ¹)
153 4569 207 4624 cn.
220 4586 299 4641 supra
313 4587 349 4624 nr.
363 4525 483 4624 cxxvii..
