3110 5076
257 364 333 436 236
545 375 642 430 dnexn
656 377 690 432 lll
703 379 761 432 lnr.
776 377 821 432 Cr.
834 393 924 432 aaran.
938 396 975 434 nn
989 379 1083 432 innoc.
1096 377 1139 432 lll.

760 621 923 692 LXXXlll.

446 760 538 824 llcrll
555 762 595 826 lll
611 763 800 846 imperatoris
817 765 863 846 tp.
880 763 1064 846 epistolant
1081 764 1184 846 lupen
1195 761 1232 842 ¹).

658 905 688 959 Α.
702 905 727 958 d.
741 905 820 966 1199,
833 923 865 960 m.
879 906 1027 960 Februario.

345 1031 543 1116 Epistolarum
554 1032 815 1099 Innocentiilll
827 1033 895 1100 Lib.
907 1035 940 1099 ll.
956 1037 1044 1119 epist.
1058 1033 1133 1106 210,
1145 1032 1192 1098 od.
1203 1032 1427 1116 Stephanus

257 1139 580 1224 Balnniusplto.

344 1250 393 1313 Do
413 1251 591 1314 reuerentia
612 1258 643 1315 et
664 1252 765 1337 officio
786 1274 841 1318 coo
862 1273 936 1340 erpo
958 1251 1129 1318 Romanam
1151 1249 1315 1316 ecclesiam
1336 1268 1377 1312 oc
1391 1247 1430 1312 dc

257 1359 476 1445 recuperando
495 1365 582 1424 terra
598 1367 719 1424 sancto.

347 1465 392 1529 oe
426 1485 525 1530 rerum
559 1467 722 1532 rationibus
757 1469 853 1552 deque
887 1473 964 1532 statu
998 1473 1162 1553 temporum
1190 1467 1245 1531 cir.
1272 1462 1430 1528 Lebeau

256 1573 293 1636 T.
310 1573 397 1636 llllll.
415 1575 434 1638 l.
449 1573 558 1648 XCCC,
576 1597 603 1639 c.
617 1576 670 1648 39,
688 1597 716 1659 p.
730 1577 782 1640 59.
808 1575 951 1658 Quantum
968 1597 1005 1640 ex
1020 1576 1114 1640 dlenii
1128 1575 1164 1640 lll
1180 1575 1288 1657 agendi
1304 1581 1336 1636 et
1352 1573 1430 1636 scri-

257 1681 348 1744 bendi
362 1685 477 1747 ratione
492 1686 531 1750 sit
546 1683 744 1768 imputandum
762 1685 941 1750 Venetorum
958 1686 1092 1758 consilio,
1115 1685 1145 1748 id
1162 1685 1333 1748 coniectura
1350 1681 1431 1746 facili

258 1793 383 1865 efficies.
401 1793 546 1878 siquidem
561 1794 705 1864 tenueris,
723 1793 895 1858 Veneticum
912 1794 1004 1858 luisse
1021 1799 1178 1868 oratorem,
1201 1793 1249 1858 cui
1265 1793 1432 1874 Mperator

259 1921 400 1964 summam
417 1921 450 1964 se
467 1901 553 1966 fidem
570 1901 683 1966 habere
699 1902 765 1986 ipse
781 1902 943 1986 profitetur.

349 2051 493 2137 Alesios,
512 2055 543 2123 in
561 2052 692 2126 Christo
710 2053 781 2124 Deo
800 2053 902 2124 tidelis
921 2053 1100 2147 Imperator
1117 2053 1268 2123 diuinitus
1288 2073 1435 2122 corona·
1550 2152 1551 2156 Ἰ

260 2187 331 2264 tus,
355 2181 515 2264 sublimis,
539 2189 676 2276 potens,
700 2181 866 2266 excelsus,
891 2204 1019 2276 semper
1042 2187 1218 2275 angustus,
1243 2179 1437 2249 moderator

261 2306 489 2392 Romanorum,
506 2307 702 2390 comnenus,
718 2308 921 2392 Innocentio,
934 2309 1136 2379 sanctissimo
1151 2309 1257 2401 Papae
1272 2305 1435 2386 Romano,

259 2432 418 2506 honorem
430 2435 677 2520 condecentem,
687 2443 725 2508 ut
733 2435 819 2531 patri
828 2433 1435 2528 spiritualietnotnmorationumejus.

348 2565 410 2634 Per
428 2563 697 2658 prudentissimos
716 2564 846 2658 legatos
859 2569 935 2634 tuae
949 2563 1141 2647 sanctitatis,
1162 2561 1330 2633 Albertum
1344 2559 1436 2630 Sub-
1552 2617 1553 2634 .

261 2689 433 2762 diaconum
452 2698 486 2762 et
503 2685 671 2764 Notarium
690 2691 902 2774 Albertinum,
926 2714 1000 2761 meo
1021 2691 1179 2762 directum
1197 2684 1338 2786 Imperio
1357 2694 1436 2759 tuae
1553 2767 1554 2790 3

261 2818 440 2888 sanctitatis
459 2821 615 2914 scriptum
635 2819 776 2890 oblatum
794 2819 855 2888 tuit
872 2823 970 2912 atquc
988 2819 1180 2911 perlectum.
1553 2797 1554 2822 ¹

349 2945 393 3016 Et
411 2947 498 3039 quod
525 2947 653 3040 quidem
674 2945 714 3016 de
737 2939 867 3041 lmperij
893 2947 955 3016 mei
979 2969 1091 3018 coram
1110 2946 1180 3018 Deo
1200 2945 1376 3018 humilitate
1397 2967 1438 3016 ac
1553 2963 1554 2970 ¹

263 3070 461 3144 exaltacione
480 3097 519 3144 ex
537 3071 714 3144 humilitate
740 3073 930 3167 procedenti
956 3097 1015 3166 per
1038 3073 1103 3144 tale
1122 3073 1278 3167 scriptum
1296 3078 1437 3166 paterne

263 3223 367 3270 mcum
393 3201 543 3272 monuisti
570 3201 759 3294 imperinm,
785 3206 819 3271 ct
843 3201 1027 3294 acceptanit
1045 3205 1158 3270 nostra
1177 3199 1330 3291 majestas
1349 3204 1384 3268 et
1402 3199 1438 3267 in

264 3327 335 3400 Deo
362 3328 512 3412 confidit,
539 3328 626 3422 quod
652 3333 687 3398 et
709 3329 779 3421 ipsa
797 3328 830 3397 in
849 3351 907 3398 sua
925 3327 1119 3422 gloriabitur
1136 3324 1333 3408 hnmilitate3
1361 3326 1438 3419 quia

264 3463 298 3526 ct
315 3457 385 3549 ipsa
404 3455 526 3528 directa
553 3455 624 3537 luit,
651 3461 746 3525 etex
772 3479 856 3526 nunc
881 3454 977 3548 dirigi
1001 3461 1111 3548 sperat
1129 3461 1228 3547 atque
1246 3460 1330 3524 orat.
1366 3451 1439 3525 Nec

265 3583 348 3654 enim
373 3588 485 3654 nostra
517 3581 732 3676 tranquillitas
758 3581 941 3676 Prophetae
960 3581 1064 3652 Dauid
1083 3581 1191 3652 uerbis
1210 3581 1347 3652 credere
1371 3601 1440 3650 non

265 3715 392 3804 potest:
430 3733 541 3794 „nnnc
570 3707 704 3804 quidem
728 3709 924 3781 demutatus
951 3733 1037 3792 eom,
1065 3719 1098 3780 ct
1122 3709 1271 3780 edocuit
1293 3713 1369 3778 me“
1397 3705 1441 3775 ad

266 3838 367 3910 Deum
392 3837 547 3920 dicentis,
571 3859 656 3908 nnnc
683 3842 789 3908 autem
815 3860 874 3907 cor
899 3837 1073 3908 contritum
1097 3842 1131 3907 ct
1155 3836 1352 3907 humiliatum
1372 3856 1441 3903 non

268 3964 436 4058 despicere
455 3965 569 4036 Deum.

356 4091 424 4163 Nec
452 4092 548 4162 etiam
573 4091 783 4162 inefficaciter
809 4099 921 4164 nostra
946 4093 1103 4163 serenitas
1129 4090 1316 4187 parabolam
1336 4112 1443 4160 euan-

267 4218 344 4314 gelii
368 4218 408 4289 de
432 4218 609 4290 humilitate
631 4219 832 4290 auscultavit.
867 4219 1120 4290 Descensionem
1148 4219 1230 4289 cuim
1257 4217 1381 4288 Domini
1409 4225 1446 4290 et

296 4555 321 4629 ¹)
340 4557 454 4628 Epistola
474 4557 561 4611 hacce
579 4557 697 4629 primitus
714 4557 874 4611 hauddubie
888 4555 980 4612 Graeco
997 4573 1114 4611 sermono
1133 4556 1281 4628 conscripta
1294 4555 1360 4611 tuit:
1380 4557 1448 4613 inde

341 4647 462 4704 dictionis
476 4647 561 4702 latine
573 4645 743 4704 difficultates
757 4651 784 4703 ct
797 4646 937 4704 anomalia.
