3110 5080
471 339 835 396 Peoroulsourruonuu.
1163 327 1237 400 421

46 504 163 592 potuit
178 526 277 592 cuper
291 505 371 570 illos.
387 504 469 572 Nom
485 505 590 572 Veneti
599 505 640 570 cle
655 506 775 572 rutilus
787 505 908 594 egressi
918 505 952 570 in
963 503 1121 570 ovonem
1137 503 1240 568 inne·

49 619 141 688 nent,
157 635 252 702 oseam
267 615 301 680 in
316 621 466 679 momento
482 621 608 701 coptam
625 621 657 679 et
667 615 837 702 aliquando
849 615 1034 702 sospitatum
1053 610 1118 698 (ed.
1133 612 1242 700 lespi-

49 719 174 805 totum)
197 723 232 786 in
255 744 380 788 receseu
402 729 499 788 totom
515 724 549 787 in
564 723 764 787 solitudinem
779 723 939 810 redeyere.
963 723 1138 788 Diuorum
1160 721 1242 785 enim

49 852 162 895 comice
172 853 279 896 moros
291 833 360 918 ejus
372 839 403 897 et
418 839 524 896 turres
535 853 599 920 per
610 831 773 897 circrcitom
784 838 817 896 et
829 831 994 896 universos
1005 831 1110 896 domos
1125 830 1241 895 inrio-

47 959 154 1014 eecus,
171 939 257 1004 oilil
270 939 335 1004 nisi
347 942 433 1004 solos
448 941 598 1006 eccleciae
612 941 858 1027 relinqneutee“.

146 1045 228 1110 ldem
253 1046 343 1111 ibic:
380 1049 683 1121 „coaetaneum
704 1049 818 1135 patrio
844 1049 957 1114 onnus
983 1053 1157 1134 coopmnt
1179 1067 1242 1134 per

47 1175 142 1220 neore
152 1155 347 1232 decenne,
361 1177 494 1244 moysem
513 1157 690 1223 Venetonon
705 1157 816 1230 erem.
832 1157 1016 1244 uiicrmqow
1026 1177 1080 1220 eos
1090 1155 1241 1220 invadere

43 1270 212 1350 poterunt,
226 1265 393 1348 socierum.
410 1265 452 1332 At
468 1265 573 1330 Veneti
586 1265 690 1330 muris
702 1265 805 1353 yoleio
816 1271 848 1330 et
859 1265 992 1332 nonen
1008 1264 1242 1350 odifiooonnnt

48 1373 212 1459 quoddam
224 1372 413 1460 presidium
428 1373 462 1438 in
478 1373 582 1440 inserto
597 1381 672 1439 onte
687 1374 832 1450 Jodrom,
854 1373 908 1438 uti
917 1373 1059 1462 plurimo
1075 1371 1241 1450 considens

47 1481 138 1546 ocios
155 1490 351 1546 armatorum
364 1482 574 1570 prohibebunt
589 1485 761 1550 Jodrenees
777 1483 933 1549 civitatem
948 1482 1091 1564 inorodi,
1112 1503 1166 1546 ooe
1177 1503 1241 1570 per

47 1611 140 1654 more
167 1591 307 1676 undiqne
328 1591 535 1678 imequcntee.
567 1593 625 1656 llio
651 1593 759 1657 diebos
787 1593 981 1658 advenerunt
1005 1591 1111 1656 decem
1136 1592 1239 1678 yoleoe

49 1699 282 1783 eajetanorum
298 1701 343 1764 orl
356 1701 526 1765 Dalmatio
540 1707 669 1787 portet.
687 1750 694 1764 .
714 1749 721 1763 .
740 1701 1004 1766 Condunooerunt
1019 1721 1053 1764 se
1068 1699 1241 1765 Jodroneee

47 1829 122 1873 oron
145 1807 329 1892 Cojetonis,
354 1816 387 1873 et
407 1809 558 1875 obantes
584 1819 755 1897 coeperunt
774 1829 921 1897 puqnore
940 1829 1009 1874 nom
1029 1807 1163 1884 Vesontio,
1187 1808 1243 1896 qui

47 1925 146 1980 eruut
163 1916 197 1980 in
214 1922 338 1993 oootro;
361 1923 392 1985 ot
406 1917 532 1982 tandem
552 1917 668 1993 Veneti,
692 1917 832 2004 impuros
846 1917 980 1989 viribus.
996 1915 1116 2000 defecti
1122 1917 1195 2001 jam
1209 1923 1241 1982 ct

46 2024 273 2112 hnyomofilus
302 2024 430 2090 doetrie
461 2026 608 2090 reeo'stere
633 2025 814 2112 nequibant.
861 2026 947 2090 lone
970 2025 1143 2090 Jodrenecs
1170 2045 1241 2090 com

48 2132 217 2218 Cojetoois
227 2132 331 2220 potiti
340 2133 490 2204 victorio.
507 2139 655 2222 quotquot
671 2133 795 2198 Venetos
806 2131 840 2196 in
852 2139 958 2198 comro
970 2133 1025 2198 illo
1040 2133 1237 2207 inoeroencnt,

46 2262 158 2305 omnes
169 2240 280 2328 oludio
292 2248 498 2328 peremerunt
503 2265 517 2318 ;
532 2241 692 2306 deetmoto
705 2241 800 2306 totins
811 2239 994 2306 monitionis
1005 2240 1091 2305 illiue
1106 2241 1239 2326 edificio

45 2347 187 2418 Jodrom
203 2349 404 2414 intraverunt
411 2374 426 2428 ;
440 2359 471 2414 et
486 2357 562 2416 tunc
577 2349 688 2414 roinne
703 2351 862 2415 deonorum
876 2371 1014 2425 scarnen,
1029 2356 1066 2414 ot
1076 2358 1237 2436 poterant,

44 2459 267 2522 irretourontes
283 2458 507 2524 habitaverunt
521 2459 555 2523 in
571 2459 626 2524 oie.
649 2457 804 2524 Miser-ont
821 2465 923 2523 antem
943 2457 1091 2531 Vercellas,
1108 2465 1139 2523 et
1149 2461 1236 2543 seeo-

44 2575 125 2632 runt
136 2589 255 2654 poeno
266 2589 336 2634 non
351 2569 442 2657 ipris,
450 2571 610 2655 jurantes,
627 2569 672 2634 en
687 2567 907 2654 subjectionem
917 2575 1104 2656 perpetuom
1115 2575 1147 2634 et
1154 2569 1236 2655 fide-

45 2675 152 2741 litatis
168 2678 380 2742 consolantium
396 2677 594 2744 coemam.

141 2790 214 2864 Nos
228 2793 317 2864 missi
325 2791 570 2866 tudertinorum
581 2794 721 2888 petimus
732 2792 866 2877 euobis,
879 2793 1008 2866 domino
1019 2792 1075 2884 R[
1071 2795 1237 2886 ainerio]‚

44 2918 115 2991 filio
146 2919 279 2992 domino
308 2921 425 3006 Ducis,
459 2928 493 2992 et
516 2943 535 2992 a
558 2921 717 3014 snpientia
746 2921 847 2991 uestri
876 2919 1029 3014 Consilij‚
1056 2944 1118 3016 pro
1144 2943 1237 2992 com·

46 3046 210 3118 munitate
245 3045 490 3132 ledereueium,
534 3053 570 3118 ut
605 3045 752 3118 habentis
787 3052 972 3141 respectum
1013 3047 1236 3118 misericordie

45 3195 133 3267 erge
151 3173 238 3244 illos.

140 3299 264 3371 Volunt
282 3299 440 3372 ledertini
465 3321 595 3392 semper
612 3295 902 3392 Archiepiseopum
927 3297 1052 3392 eligere
1069 3299 1111 3372 de
1130 3299 1235 3372 Vene-

45 3427 118 3518 fija,
134 3432 169 3496 et
182 3425 335 3497 haberes
346 3425 456 3498 Gradu
467 3424 620 3496 uidelicet
633 3447 735 3518 usque
750 3424 792 3496 od
806 3424 912 3518 eaput
923 3423 1086 3519 Aggeris3
1102 3427 1237 3521 eiusque
1323 3433 1328 3442 '

46 3553 258 3624 ellectionem
285 3553 521 3646 presentehunt
547 3551 676 3624 domino
704 3551 892 3624 Patrinrche
911 3553 1090 3638 Gradensi,
1114 3557 1237 3627 confir-

45 3681 237 3752 mationem.
250 3679 354 3774 ipsius
376 3679 558 3752 ellectionis
578 3679 790 3771 postulantes.
821 3679 865 3750 Et
883 3681 1129 3754 confirmatione
1147 3683 1237 3756 lacte

45 3809 163 3881 ueniet
180 3807 224 3878 ed
243 3807 357 3879 sedem
374 3806 636 3890 Pntrierclmlem‚
656 3815 690 3878 et
708 3809 988 3880 consecrationem
1003 3808 1045 3880 dc
1064 3832 1159 3882 manu
1178 3835 1237 3886 oue

45 3939 199 4031 recipiet,
218 3937 384 4030 facietque
403 3936 433 4005 ei
451 3934 654 4017 fidelitatem,
680 3935 897 4006 reuerentiam
916 3943 950 4007 et
968 3937 1186 4010 obedientiam
1205 3941 1235 4010 ei

45 4063 206 4136 exhihere
219 4062 413 4155 promittens
423 4067 578 4132 etomnes
592 4059 870 4146 honorificentius,
885 4085 966 4156 ques
976 4063 1124 4136 dominus
1135 4064 1235 4137 Lem-

44 4190 182 4285 predius
200 4185 477 4280 Archiepiscopus
497 4185 639 4256 exhibuit
660 4186 787 4258 domino
808 4187 996 4260 Petrierche
1015 4191 1055 4261 H.
1073 4191 1234 4280 Dnndulo,

45 4315 250 4410 etobsequie
265 4312 386 4383 debite.
406 4311 596 4404 iurabitque
609 4311 794 4384 fidelitatem
808 4313 937 4386 domino
951 4314 1035 4388 Duci
1050 4325 1083 4388 et
1097 4343 1235 4392 succes-

45 4446 177 4520 sorihus
196 4441 288 4523 sorim
318 4440 420 4511 etsie
438 4440 560 4510 facient
578 4439 965 4536 omnesArchiepiscopi,
986 4444 1040 4538 qui
1063 4447 1235 4543 inperpe-

43 4585 136 4650 tuum
167 4573 284 4652 erunt,
313 4565 458 4638 Ducibus
484 4570 519 4639 et
547 4563 758 4648 Petriarchis,
789 4569 843 4661 qui
867 4591 927 4662 per
954 4575 1102 4665 temporo
1126 4583 1234 4650 erunt.
