3130 5078
258 393 335 467 508
563 407 921 466 Bnuonrsrlrrrrs.cr1sn.
935 409 1139 466 coluncelll.

258 577 433 671 episcopos
444 586 591 663 nostros,
597 580 797 674 [videlicet]
805 581 1079 652 Suessionensem
1091 589 1125 652 et
1133 582 1451 665 llalberstatensem‚

256 701 458 776 Trecensem
479 706 708 800 dominumque
726 707 1036 791 Betblecrnitanum,
1057 712 1110 803 qui
1130 735 1148 781 a
1167 711 1317 804 partibus
1336 716 1452 779 trans-

257 831 387 900 marinis
407 835 604 904 auctoritate
624 835 804 929 apostolica
823 835 917 906 nobis
935 837 1041 907 fuerat
1060 835 1248 928 delegatus,
1271 835 1453 906 dcconeu·

256 979 325 1026 sem
342 958 481 1031 electum
496 961 711 1055 abbatemque
728 962 874 1047 Lucedii,
889 965 1100 1057 Imperatoris
1114 965 1219 1036 nostri
1234 964 1295 1036 sub
1307 963 1453 1034 Domino

258 1087 487 1158 constituimus
515 1085 733 1183 electores¹).
771 1091 833 1176 Qui
859 1090 1011 1162 oratioue
1034 1091 1232 1184 praemissa,
1263 1098 1299 1162 ut
1325 1090 1453 1173 decuit,

260 1208 418 1284 dominica
431 1216 1454 1311 „Misericordiabomini“personamnostram,quodanocuis

258 1339 382 1408 meritis
401 1343 517 1432 procul
537 1348 620 1426 erat,
641 1344 833 1414 unanimiter
851 1366 892 1413 ac
911 1341 1102 1414 solemniter
1121 1343 1307 1436 clegerunt,
1335 1343 1454 1412 divinis

258 1458 407 1536 laudibus
426 1467 517 1538 clero
537 1475 571 1540 ct
588 1470 710 1562 populo
730 1469 853 1562 pariter
866 1467 1088 1549 acclamante;
1108 1471 1325 1562 sequentique
1345 1467 1455 1538 domi·

261 1590 345 1672 nica,
361 1616 424 1684 qua
438 1595 627 1678 „Jubilate“
640 1603 802 1678 cantatio,
817 1596 1040 1688 praecipiente
1049 1595 1202 1689 apostolo
1215 1596 1315 1666 Petro
1326 1594 1455 1688 chcrrs

258 1713 442 1803 conorari,
468 1726 567 1817 eiqae
584 1723 719 1794 obediri
739 1725 841 1817 qusai
856 1723 1095 1816 praecellenti,
1120 1729 1154 1794 et
1172 1722 1344 1815 evangelio
1366 1743 1455 1792 nun-

259 1843 373 1928 tiante,
392 1849 484 1942 quod
496 1849 661 1942 pendium
677 1859 829 1920 nostrum
848 1871 944 1920 nemo
963 1851 1050 1920 tollit
1066 1849 1210 1930 anobis,
1230 1871 1305 1918 cum
1325 1847 1455 1942 ingenti

258 1968 385 2044 honore
405 1980 503 2066 atque
522 1976 678 2069 tripudio,
699 1998 790 2045 more
809 1976 908 2046 etiam
927 1996 988 2045 suo
1008 1973 1281 2068 applaudentibus
1300 1974 1455 2057 Graecis,

260 2096 302 2168 ad
317 2097 477 2171 bonorem
490 2102 551 2172 Dei
570 2109 604 2173 et
622 2107 756 2173 sanctae
770 2101 937 2172 Romanae
952 2101 1123 2172 Ecclesiae
1143 2125 1182 2172 ac
1201 2101 1455 2172 subventionem

259 2224 383 2295 Terrae
402 2233 537 2298 sanetae
562 2227 710 2321 gloriose
729 2235 946 2310 coronatum,
966 2227 1007 2298 ud
1026 2228 1155 2319 lmperii
1173 2228 1308 2320 fastigia
1327 2227 1400 2296 lleo
1419 2231 1456 2296 et

196 2335 199 2342 ⁵
259 2347 441 2422 bominibus
461 2354 614 2424 amabiles
634 2360 756 2447 patres,
783 2355 955 2425 memorati
974 2354 1164 2438 Pontifices,
1184 2375 1258 2425 cum
1277 2355 1456 2424 universo·

260 2499 332 2546 rum
351 2479 510 2571 applausu
529 2487 563 2552 et
581 2481 642 2574 piis
661 2481 812 2573 lacrymis
831 2481 1057 2552 sublimarunt.

350 2604 496 2680 Aderant
515 2608 640 2680 incolae
655 2609 778 2680 Terrae
797 2615 946 2692 sunctae,
966 2607 1211 2679 ecclesiasticas
1231 2607 1455 2699 militaresque

257 2755 439 2824 personae,
467 2757 604 2827 quorum
624 2757 703 2828 prae
723 2735 872 2806 omnibus
892 2734 1136 2806 inaestimabilis
1155 2741 1228 2812 erat
1245 2739 1282 2804 et
1299 2733 1453 2827 gratula-

258 2858 366 2932 bunda
384 2861 519 2940 laetitia,
539 2861 779 2954 exhibitumque
793 2863 1012 2956 Deogratius
1032 2861 1226 2956 obsequium
1245 2860 1452 2944 asserebant,

259 2988 399 3080 quamsi
419 2988 532 3058 civitas
557 2993 669 3058 sancta
691 2987 884 3058 Christianis
908 2995 999 3059 esset
1017 2988 1158 3059 cultibus
1177 2987 1347 3070 restituta,
1377 3009 1453 3058 eum

258 3113 299 3182 ad
318 3113 541 3184 confusionem
562 3120 753 3208 perpetuam
771 3115 974 3185 inimicorum
993 3115 1102 3185 crucis
1131 3120 1265 3186 sanctae
1288 3113 1454 3184 Romanae

259 3237 428 3310 Ecclesiae
453 3246 630 3333 terraeque
649 3241 966 3332 Hierosolymitauae
991 3263 1067 3310 sese
1091 3241 1184 3333 regia
1208 3241 1324 3309 civitas
1348 3240 1454 3310 devo·

260 3371 365 3447 seret,
386 3388 470 3458 quae
488 3366 611 3438 tamdiu
625 3369 696 3459 jam
713 3372 870 3460 potenter
887 3365 1074 3436 adversaria
1093 3367 1186 3436 stetit
1204 3371 1238 3435 et
1256 3364 1455 3435 contradixit

259 3494 401 3585 utrique.
432 3493 521 3563 llaec
541 3499 593 3562 est
612 3493 711 3574 enim,
738 3515 822 3585 quae
851 3492 1063 3586 spurcissimo
1084 3491 1257 3562 Gentilium
1277 3493 1360 3572 ritu,
1389 3511 1452 3584 pro

258 3616 404 3688 fraterna
423 3618 597 3699 societate,
618 3619 830 3712 sanguinibus
849 3619 985 3690 alternis
1005 3619 1147 3700 obibitis,
1160 3601 1162 3606 ’
1175 3641 1248 3688 cum
1268 3617 1454 3688 infidelibus

260 3765 339 3813 ausa
366 3750 419 3814 est
442 3747 573 3836 saepius
595 3743 751 3816 amicitias
777 3744 908 3815 lirmare
933 3745 1074 3827 ferales,
1103 3750 1137 3814 et
1155 3742 1290 3814 eosdem
1313 3741 1454 3813 mamilla

260 3870 314 3940 diu
333 3870 465 3942 lactavit
484 3872 659 3954 uberrima,
686 3879 720 3942 et
738 3871 852 3942 extulit
870 3873 903 3940 in
923 3870 1110 3965 superbiam
1129 3871 1331 3950 seculorum,
1349 3892 1453 3952 arma,

260 4019 359 4066 naves
385 4003 419 4067 et
444 3997 594 4068 victualia
619 3998 844 4068 ministrando.
875 3997 961 4085 Quid
981 3997 1188 4067 econtrario
1214 3996 1334 4066 fecerit
1351 4017 1454 4088 pere·

260 4121 376 4212 grinis,
397 4123 501 4214 magis
521 4123 664 4193 edocere
683 4123 849 4194 sufficiunt
867 4121 900 4192 in
919 4123 1006 4192 omni
1021 4122 1213 4194 Latinorum
1227 4127 1329 4213 gente
1341 4143 1455 4190 exem·

261 4249 327 4340 pla,
346 4273 442 4342 quam
460 4250 571 4320 uerba.
603 4248 690 4320 llaec
709 4255 772 4330 est,
795 4273 891 4344 quae,
918 4249 950 4318 io
971 4249 1080 4320 odium
1099 4247 1271 4342 apostolici
1291 4247 1454 4332 culminis,

285 4509 315 4582 ¹)
333 4510 415 4564 lluius
439 4509 576 4566 electionis
597 4527 753 4582 processum
776 4511 846 4564 belle
869 4517 975 4567 enarrat
996 4511 1165 4582 Geollroy
1194 4509 1233 4564 de
1257 4510 1456 4565 Villo-llar-

335 4599 434 4652 douin
454 4618 512 4672 cap.
527 4601 579 4655 136
591 4603 619 4653 et
632 4617 694 4672 sqq.
