3130 5082
268 345 342 416 166
444 354 568 410 Murum
582 354 641 408 lucr.
656 369 763 407 nocuus
776 351 918 407 Vuuuruu
933 368 1051 417 aumrrr,
1064 370 1122 408 uox
1134 367 1278 406 usuouur.

262 521 481 604 providentiam
506 517 626 584 consilii
646 518 841 590 Venetorum,
869 536 955 601 eque
979 516 1082 582 callidi
1106 537 1140 582 ac
1162 517 1325 602 sapientis,
1354 515 1459 598 glorie

262 634 293 694 et
310 629 414 693 salutis
430 629 537 713 patrie
554 646 702 712 uunquam
720 626 912 690 immemoris.

352 737 460 802 Omnia
484 741 589 821 pecta,
618 755 685 819 que
711 737 790 798 inter
817 733 885 798 illas
906 733 998 798 urbes
1026 739 1115 818 atque
1142 733 1301 817 Imperium
1327 732 1459 797 Orientis

259 846 417 930 postmodo
436 847 509 910 inita
526 849 609 917 sunt.
634 845 677 906 uti
694 843 799 906 eadem
815 844 879 908 tere
897 841 1067 906 concedunt
1089 842 1206 906 Pisanis
1228 849 1279 906 aut
1293 841 1460 908 Januensi·

259 953 326 1031 bus,
343 974 411 1040 quae
427 955 511 1038 prius
528 952 654 1018 Venetis
671 972 817 1017 concessa
834 951 992 1023 affirmant.
1013 951 1053 1014 ita
1069 950 1137 1034 plus
1155 953 1252 1016 minuo
1269 950 1408 1014 acerbam
1426 970 1459 1014 ae

259 1063 463 1128 calamitosam
486 1063 617 1146 produnt
637 1062 718 1128 inter
737 1061 793 1126 bos
809 1063 893 1144 ipsos
909 1061 1109 1132 inimicitiam,
1131 1081 1200 1145 qua,
1225 1061 1268 1125 uti
1283 1059 1326 1132 iit.
1344 1062 1459 1123 externi

1550 502 1559 738 l

258 1170 361 1236 hostes
374 1171 577 1253 maximopere
590 1169 774 1253 gaudebant,
791 1169 829 1232 ad
842 1168 872 1232 id
885 1167 971 1232 modo
985 1169 1128 1238 nitentes,
1146 1188 1184 1231 ne
1196 1169 1359 1232 coneordia
1377 1169 1456 1232 tacte
1541 1160 1558 1193 ⁴·

256 1279 335 1343 inter
357 1299 548 1362 congereres
571 1277 710 1341 civitates
735 1275 977 1361 inexpugnabilis
995 1277 1143 1356 ¹euaderet
1164 1276 1232 1341 hec
1248 1277 1323 1342 alios
1339 1277 1458 1344 leticie·
1553 1258 1558 1329 Ῐ

256 1389 330 1453 sima
346 1389 429 1452 orbis
447 1387 543 1452 nostri
561 1387 661 1468 regio.

347 1496 486 1580 Denique
509 1501 539 1559 et
564 1515 622 1558 nou
648 1495 888 1562 obliuiscendum
903 1495 1004 1560 llomae
1026 1499 1076 1560 aut
1099 1497 1273 1579 imperantis
1290 1500 1341 1560 aut
1357 1497 1457 1582 impe·

255 1627 324 1671 rare
340 1606 513 1691 gestientis,
532 1625 599 1689 qua
616 1604 647 1666 in
663 1607 729 1687 ipsa
745 1604 885 1668 italorum
902 1602 1103 1675 dissensione.
1121 1607 1248 1670 maxime
1262 1605 1292 1670 in
1309 1606 1371 1678 illa,
1389 1626 1457 1691 que

254 1717 334 1780 inter
358 1715 503 1779 Venetiae
527 1719 557 1778 et
578 1713 704 1778 danuam
730 1711 957 1788 intercedebat,
986 1713 1185 1778 aemulatione
1212 1735 1248 1780 ac
1274 1720 1457 1780 coutrover-

255 1827 310 1902 sin,
327 1826 490 1890 inveterato
507 1845 523 1888 a
539 1821 764 1908 majoribusque
782 1823 909 1895 tradita.
935 1822 1063 1906 pristina
1087 1823 1213 1888 solertia
1235 1825 1279 1888 uti
1303 1843 1454 1909 nunquam

255 1930 361 2004 desiit.
380 1932 503 1996 Venetis
525 1931 703 2016 plerumque
728 1931 853 2003 intesta.
876 1934 964 2012 grata
981 1949 1017 1993 ac
1033 1929 1178 1996 benevola
1196 1931 1379 2012 Liguribus.
1402 1931 1455 2016 qui

254 2039 324 2104 fidei
348 2039 521 2103 orthodoxe
543 2040 590 2104 oui
612 2039 760 2104 commodi
783 2039 881 2121 gratia
907 2039 1017 2123 sepius
1039 2039 1179 2104 auritium
1201 2045 1252 2106 aut
1275 2039 1454 2126 obsequium
1557 2045 1561 2054 “

253 2149 467 2232 prestiterunt.

344 2256 439 2338 Quum
462 2256 555 2338 igitur
579 2275 635 2318 nec
657 2255 758 2320 Greci
775 2255 833 2318 iarn
854 2253 989 2328 Venetis,
1015 2275 1071 2320 uec
1088 2256 1197 2322 Veneti
1214 2255 1332 2322 Graecis
1352 2277 1455 2321 reram
1560 2276 1561 2280 ¹

252 2365 340 2430 iidem
366 2365 529 2438 baberent,
559 2365 656 2448 prima
680 2383 807 2449 queque
830 2385 921 2427 causa
943 2365 1072 2428 latentes
1097 2369 1128 2430 et
1151 2365 1228 2430 male
1250 2365 1455 2432 dissimulatae
1561 2402 1562 2444 3

249 2475 420 2540 inimicitias
438 2475 476 2538 ad
492 2475 626 2538 facinora
644 2473 748 2538 odiosa
766 2473 941 2557 propellere
958 2473 1098 2538 debebat.
1124 2475 1197 2540 Sive
1214 2477 1307 2558 igitur
1324 2475 1453 2540 Graeco-

250 2603 314 2649 rum
337 2585 502 2668 Imperator
526 2583 619 2648 fuerit
633 2583 776 2648 offensus
801 2583 924 2666 repulso
948 2604 964 2646 a
988 2582 1113 2648 Venetis
1137 2589 1240 2648 contra
1263 2583 1453 2650 Normaunos

250 2693 386 2764 foedere.
405 2693 578 2776 quinimmo
591 2697 735 2756 renovato
749 2712 815 2755 oum
829 2691 914 2756 hisco
927 2697 1027 2776 pacto.
1043 2697 1094 2756 aut
1109 2692 1189 2776 quod
1205 2691 1266 2765 alii,
1284 2697 1316 2758 ut
1332 2693 1453 2758 bloro·
1563 2767 1564 2794 p

249 2802 340 2874 sini,
354 2801 604 2872 animadvertunt,
618 2801 760 2870 timuerit,
774 2800 895 2883 nequid
910 2804 1037 2883 repente
1047 2799 1120 2864 tiata
1129 2805 1215 2884 perte
1222 2799 1407 2866 Venetorum
1421 2803 1452 2868 in
1562 2803 1564 2867 ξ

248 2911 324 2974 mari
337 2909 491 2974 Adriatico
505 2914 610 2972 contra
622 2908 793 2991 imperium,
806 2912 870 2972 siue
884 2907 992 2972 Veneti
1007 2909 1107 2993 potius
1121 2909 1240 2984 irritati,
1257 2911 1336 2995 quod
1349 2913 1451 2995 impe-

248 3023 333 3082 rator·
360 3019 436 3100 ipsis
465 3016 544 3100 apud
573 3015 758 3078 Delmatinos
787 3019 877 3100 atque
905 3013 1065 3096 ilungaros
1090 3016 1245 3082 indefesse
1268 3025 1450 3100 provocaret

253 3125 419 3190 seditiones
435 3141 598 3208 eorumque
614 3125 706 3188 sociis
723 3123 891 3186 sollicitatis
913 3123 1053 3204 ingentes
1070 3123 1228 3190 exhiberet
1251 3124 1448 3192 difficultates
1478 3193 1483 3199 ,

247 3269 292 3280 -
310 3253 348 3296 ne
366 3233 500 3298 dicamus
517 3230 556 3294 de
578 3231 772 3314 imperatoris
797 3229 925 3296 consilio
949 3233 979 3294 in
1003 3233 1068 3316 ipsa
1084 3232 1169 3298 ltalia
1185 3233 1284 3298 locum
1300 3240 1449 3318 opportu-

246 3361 315 3405 num
338 3341 398 3405 sibi
420 3340 597 3425 acquirendi
614 3337 817 3426 —,quicquid
839 3341 945 3414 tuerit,
971 3340 1146 3426 doleatque
1162 3343 1283 3408 fallacia
1306 3343 1448 3427 superior

246 3451 344 3515 extitit
359 3449 514 3514 Emanuel.
1274 3469 1279 3474 ·

335 3558 408 3641 llgit
431 3558 469 3622 dc
493 3557 540 3622 bis
564 3556 657 3622 rebus
681 3557 756 3622 satis
785 3558 884 3642 ample
912 3557 1059 3624 Lebret
1082 3560 1118 3624 Τ.
1142 3559 1172 3634 1,
1198 3581 1228 3644 p.
1253 3559 1446 3626 326-331.

242 3669 396 3734 Lebeau
411 3668 448 3731 T.
465 3667 549 3741 XVI,
573 3687 603 3750 p.
622 3667 802 3732 257—260
819 3667 969 3732 diuersam
984 3669 1142 3753 utriusque
1158 3669 1252 3752 portis
1269 3670 1442 3734 enarratio·

241 3797 310 3842 nem
327 3777 393 3842 sine
409 3797 464 3842 suo
481 3777 593 3842 iudicio
606 3779 771 3864 proposuit.
789 3775 854 3841 Nec
864 3777 1029 3852 sufficiunt,
1048 3797 1113 3862 quae
1125 3777 1281 3842 Willreu
1298 3779 1336 3844 de
1348 3778 1443 3846 Corn-

240 3889 326 3952 nenis
349 3910 380 3972 p.
397 3884 465 3951 504
480 3905 547 3971 sqq.
565 3885 706 3970 protulit;
731 3903 798 3950 nam
819 3889 851 3949 et
872 3885 1010 3952 breuiora
1031 3891 1118 3965 suut,
1143 3907 1230 3973 quam
1246 3907 1324 3972 quae
1340 3889 1441 3953 omnia

238 4000 325 4061 recte
337 3995 498 4076 illustrent,
511 4014 567 4059 nec
579 4013 705 4078 prorsus
718 4015 734 4058 a
747 3995 925 4079 praeiudicio
938 3995 1065 4080 quodam
1077 3995 1252 4066 abhorrent·
1269 3999 1315 4061 De
1326 3996 1442 4064 obscu-

238 4104 320 4168 riore
335 4103 387 4167 illa
404 4121 504 4184 causa,
529 4121 595 4187 que
613 4101 700 4166 nobis
717 4102 856 4168 rideatur
879 4103 996 4168 maximi
1020 4104 1117 4169 tuisse
1140 4105 1299 4182 momenti,
1322 4111 1439 4191 utque

237 4212 351 4275 animos
365 4211 572 4284 commoverit,
589 4229 684 4296 pauca
701 4211 835 4296 quedam
852 4211 1021 4294 tetigerunt
1034 4214 1243 4280 recentiores:
1260 4212 1442 4299 Deppiug

239 4321 369 4386 histoire
391 4321 430 4385 du
458 4340 630 4386 commerce
654 4325 740 4386 entre
762 4321 791 4384 le
807 4323 923 4386 Leuant
939 4327 969 4385 et
985 4320 1135 4408 l'Europe
1151 4311 1188 4386 Τζ
1205 4322 1241 4396 11,
1257 4324 1345 4407 chap.
1366 4323 1438 4398 Vlli.
1467 4349 1479 4364 ·

238 4449 270 4513 p.
286 4429 333 4492 57
349 4449 415 4513 sqq.
433 4429 542 4494 Sauli
559 4430 637 4496 della
656 4429 773 4494 colonia
787 4429 836 4495 dei
850 4429 1001 4496 Genouesi
1014 4431 1044 4493 io
1058 4430 1163 4506 Galata
1175 4431 1210 4495 T.
1225 4432 1246 4505 1,
1261 4453 1289 4516 p.
1305 4432 1346 4496 13
1361 4453 1440 4519 sqq..

238 4545 269 4604 et
285 4539 322 4602 Τ.
340 4539 365 4604 11
382 4539 559 4606 documenta
577 4541 671 4605 1-v.
696 4540 872 4605 Primaud
885 4542 948 4606 aie
973 4540 1081 4606 o'tudes
1097 4562 1150 4607 sur
1166 4541 1195 4606 lo
1211 4561 1383 4608 commerce
1403 4563 1440 4608 au
