3130 5078
305 339 381 412 564
610 353 704 410 lunoc.
719 355 752 410 lll
765 371 855 410 eruar.
870 372 906 408 sn
921 371 1026 408 maaca.
1041 354 1177 410 llonrrsr.

303 549 341 596 ex
360 548 400 594 eo
421 523 511 594 vobis
529 524 673 610 licuerit,
695 549 767 596 cum
787 527 936 619 praelato
956 526 1167 598 adolescente
1185 527 1225 598 ad
1245 524 1479 614 restituendum

301 653 361 744 sibi
389 653 780 748 Constantinopolitanum
809 655 979 748 Imperium
1007 654 1188 748 proticisci,
1219 653 1362 747 quamvis
1390 661 1424 722 et
1450 652 1480 722 id

303 781 447 874 potueris
473 779 634 874 allegare,
660 781 766 876 quod,
792 805 866 852 cnm
885 805 944 852 vos
963 781 1145 852 victualium
1165 780 1314 852 delectus
1333 784 1479 873 urgeret,

301 909 371 980 sine
390 909 506 1002 quibus
524 932 590 979 non
609 910 768 1001 poteratis
787 915 896 980 votum
916 908 1024 978 crucis
1042 906 1229 1000 adimplere,
1247 907 1377 978 licuerit
1391 905 1480 976 vobis

300 1025 437 1128 propter
458 1057 588 1104 causam
608 1036 692 1108 adeo
707 1037 924 1107 necessariam
940 1056 1059 1128 operas
1077 1040 1205 1104 vestras
1223 1032 1265 1104 illi
1284 1033 1409 1116 locare,
1428 1031 1479 1124 qui

297 1161 420 1253 justam
449 1185 578 1234 causam
607 1163 760 1256 prosequi
789 1163 972 1243 videbatur;
1007 1161 1200 1255 praesertim
1229 1183 1301 1231 cum
1330 1179 1392 1252 per
1417 1158 1478 1229 lroc

299 1288 513 1358 intenderetis
540 1288 678 1358 finaliter
703 1288 742 1358 ad
763 1287 887 1360 Terrae
913 1295 1045 1360 sanctae
1070 1309 1261 1358 succursum
1286 1293 1320 1356 et
1345 1290 1478 1378 aposto-

300 1413 382 1486 lieae
409 1415 505 1486 Sedis
531 1421 751 1508 augmentum.
787 1414 931 1510 Cumque
959 1413 1132 1508 pollicitam
1162 1412 1254 1484 vobis
1279 1419 1314 1482 ct
1342 1411 1478 1482 debitam

302 1547 506 1635 negaverunt
524 1541 568 1612 illi
586 1541 781 1625 mercedem,
803 1542 998 1634 juramentis
1018 1549 1052 1612 et
1071 1542 1175 1636 pactis
1194 1541 1322 1633 penitus
1342 1539 1478 1620 uiolatis,

302 1670 377 1762 quin
398 1670 493 1740 etiam
514 1671 622 1754 armis,
642 1669 733 1764 igne,
753 1670 829 1740 dolo
845 1677 880 1740 et
893 1669 1001 1742 toxico
1015 1691 1073 1739 vos
1088 1667 1218 1762 saepius
1237 1665 1477 1746 attentaverint,

300 1801 452 1890 tanquam
472 1797 505 1866 in
524 1803 616 1868 arcto
636 1798 751 1889 positi,
777 1797 885 1868 coacti
910 1796 1034 1876 fuistis,
1059 1801 1232 1866 utcontra
1257 1791 1479 1864 schismaticos

301 1929 335 1992 et
353 1923 518 2016 perjuros,
544 1923 651 1994 debita
672 1923 763 1994 vobis
789 1923 909 2018 injuste
928 1929 1102 2016 negantes,
1122 1921 1320 1992 exerceretis
1340 1918 1479 1990 debitam

300 2049 465 2120 ultionem.
511 2051 657 2122 Divinum
686 2052 770 2120 enim
799 2051 926 2122 videtur
954 2049 1054 2120 luisse
1077 2047 1252 2140 judicium,
1288 2047 1394 2141 quod,
1427 2035 1478 2139 qui

300 2176 420 2248 tamdiu
439 2177 695 2248 misericorditer
714 2177 862 2262 tolerati,
883 2183 917 2247 et
935 2177 1031 2247 etiam
1052 2199 1117 2248 non
1137 2175 1242 2246 solum
1261 2175 1300 2244 ab
1320 2173 1403 2257 aliis,
1422 2171 1478 2243 sed

300 2306 395 2374 etiam
409 2327 427 2374 a
442 2304 537 2374 nobis
556 2304 702 2376 studiose
722 2303 921 2386 commoniti,
940 2303 1116 2374 noluerunt
1134 2302 1242 2374 redire
1257 2301 1297 2371 ad
1312 2299 1477 2374 Ecclesiae

300 2431 471 2515 unitatem,
501 2455 561 2502 nec
588 2431 686 2502 ullum
706 2430 828 2502 Terrae
856 2437 990 2502 sanctae
1012 2429 1191 2522 subsidium
1215 2428 1390 2520 impertiri,
1419 2449 1478 2520 per

300 2583 375 2643 cos,
404 2559 458 2652 qui
486 2558 527 2630 ad
554 2565 726 2652 utrumque
753 2557 875 2650 pariter
903 2556 1131 2636 intendebant,
1158 2555 1349 2626 amitterent·
1371 2552 1477 2624 locum

297 2693 332 2756 et
359 2692 510 2778 gentem;
540 2689 719 2779 quatenus,
747 2683 883 2777 perditis
910 2683 992 2754 male
1021 2682 1130 2765 malis,
1157 2687 1245 2752 terra
1274 2682 1360 2752 bona
1386 2679 1477 2751 bonis

297 2811 452 2905 agricolis
477 2812 656 2893 locaretur,
684 2810 737 2906 qui
764 2811 905 2882 fructum
935 2808 1074 2880 reddant
1101 2813 1252 2901 tempore
1278 2813 1474 2900 opportuno.

297 2939 572 3024 Quemadmodum
598 2939 719 3032 legitur
744 2939 777 3008 in
801 2937 935 3008 Daniele
962 2934 1122 3029 propheta
1145 2934 1202 3024 (2,
1229 2931 1292 3004 20.
1313 2931 1403 3022 21J:
1431 2941 1478 3003 eat

297 3065 391 3138 Deus
404 3070 442 3138 in
455 3065 557 3146 coelo,
576 3068 637 3160 poi
648 3064 777 3134 revelet
788 3065 960 3155 mysteria,
978 3071 1012 3134 et
1027 3071 1133 3133 motat
1145 3069 1303 3156 temporo,
1322 3069 1357 3130 et
1369 3068 1475 3132 mons-

289 3197 365 3288 sert
382 3217 507 3287 repom
526 3197 599 3288 epse
616 3191 808 3264 dominator
826 3193 864 3260 irs
882 3213 986 3282 repon
1001 3187 1185 3272 dominum,
1204 3190 1308 3259 etcoi
1320 3187 1475 3269 voluerit,

295 3319 388 3393 dabit
404 3320 501 3393 illud.

385 3446 537 3542 Vulgaris
552 3469 630 3518 vero
649 3451 742 3516 tenet
760 3445 935 3527 sententia,
955 3442 1043 3538 quod
1057 3441 1135 3535 jura
1154 3463 1332 3535 regnorum
1347 3462 1475 3534 semper

296 3573 437 3646 uiolenta
463 3576 606 3646 fuerunt.
637 3573 718 3663 Quia
737 3595 815 3643 vero
832 3571 955 3664 judicia
973 3570 1034 3642 Dei
1053 3591 1280 3662 nonnunquam
1299 3568 1383 3638 adeo
1402 3573 1476 3640 sunt

297 3703 443 3786 occulta,
472 3707 554 3774 uta
581 3700 743 3795 propheta
779 3697 946 3770 dicantur:
974 3699 1115 3790 abyssus
1141 3695 1265 3780 molta;
1292 3695 1353 3776 ita,
1379 3701 1417 3766 ut
1443 3701 1475 3764 et

296 3831 467 3924 apostolus
496 3828 633 3920 (Paulus
658 3825 698 3896 ad
726 3825 819 3896 Rom.
844 3822 1084 3916 11,3t.35)
1111 3821 1290 3894 exclamare
1316 3827 1472 3915 cogatur:

295 3983 314 4029 o
345 3957 484 4030 altitudo
518 3956 715 4028 divitiarum
746 3956 933 4047 sapientiae
968 3961 1002 4023 et
1037 3953 1200 4023 scientiae
1233 3947 1322 4019 Dei!
1369 3947 1473 4032 Qum

293 4084 647 4179 incomprehensibilia
660 4089 740 4152 cunt
743 4078 881 4174 judicia
889 4081 964 4173 ejus
979 4089 1012 4151 ct
1023 4078 1274 4173 toverttpaottes
1287 4078 1366 4147 vtae
1379 4075 1472 4169 apua!

297 4213 380 4296 Qua
398 4215 488 4282 cuim
506 4212 662 4304 copoooit
678 4231 813 4279 aeacum
827 4205 975 4287 Domini,
996 4215 1055 4278 out
1070 4209 1147 4302 pois
1164 4204 1383 4276 conciliamus
1400 4205 1472 4297 mata

288 4339 445 4433 fuit?—
458 4360 519 4408 nos
539 4336 580 4406 de
600 4343 664 4408 tam
683 4333 845 4427 profundo
861 4332 985 4426 judicio
1004 4333 1154 4404 nolentes
1172 4339 1297 4402 temere
1310 4327 1471 4422 judicare,

292 4466 485 4560 praesertim
518 4471 690 4557 antequam
718 4462 758 4532 de
787 4461 924 4532 ueritate
957 4459 1082 4554 negoti
1110 4459 1236 4554 plenius
1265 4457 1471 4535 instruamur,

299 4615 372 4662 cum
407 4598 440 4662 et
472 4591 515 4660 illi
549 4588 716 4684 potuerint
739 4588 829 4680 juste
862 4586 965 4680 puniri
999 4591 1136 4680 propter
1166 4591 1353 4679 peecatum,
1388 4583 1472 4679 quod
1558 4621 1560 4664 ἢ
