3130 5082
292 307 342 378 98
601 315 759 369 ldrcuruurs
773 329 902 367 cncumr.
916 313 1010 367 lucrm
1022 328 1155 368 noueris.

292 487 538 581 negociantibus
565 510 638 560 cum
663 486 824 556 Veneticis
852 485 884 553 in
913 485 1059 555 omnibus
1086 485 1276 577 regionibus
1304 486 1480 568 Romame,

291 616 343 686 uel
372 617 500 709 quaudo
529 616 640 686 uendit
667 614 708 684 ad
736 637 816 694 eos,
845 613 897 682 uel
918 612 1046 706 qnando
1066 613 1143 682 emit
1161 613 1201 683 ab
1220 613 1327 706 aliquo
1347 637 1479 694 eorum,

290 743 369 815 dare
387 767 448 838 pro
469 743 662 814 commercio
678 740 851 835 quidlibet,
878 741 929 812 uel
948 764 1008 835 pro
1029 741 1131 812 altera
1155 741 1266 834 quavis
1285 743 1480 824 exactione3
1563 725 1564 784 Ψ

291 871 349 941 sed
367 873 405 942 ut'
424 876 619 941 excusentur
638 875 671 940 et
688 869 760 963 ipsi,
787 868 871 940 sicut
892 875 925 940 et
946 869 1003 962 hij,
1024 869 1170 964 quicum
1189 873 1393 940 commerciis
1414 895 1481 941 ue-
1563 915 1564 918 =

294 1000 476 1092 gociantur.
498 997 616 1068 Verum
629 1003 736 1068 tamen
752 969 872 1066 debent
888 1001 921 1067 et
934 996 1080 1067 Venetici
1094 989 1260 1090 eamque
1278 1021 1337 1090 per
1356 998 1483 1068 factam

292 1128 413 1220 scripto
429 1125 677 1196 conuentionem
689 1123 833 1216 elegatis
846 1146 958 1194 eorum
973 1125 1131 1217 promissa
1151 1129 1237 1206 sunt,
1257 1123 1483 1217 jurejurando

293 1255 429 1349 Imperio
448 1277 520 1324 meo
537 1255 628 1324 firma
647 1275 780 1322 seruare
798 1253 996 1345 incorrupta.
1016 1251 1051 1320 lu
1070 1274 1134 1345 quo
1154 1257 1249 1322 eruut
1267 1275 1394 1335 eorum,
1415 1276 1485 1346 que

294 1404 354 1473 per
372 1403 506 1474 presens
526 1377 766 1472 chrysobullion
786 1377 905 1448 donata
924 1384 999 1448 sunt
1017 1377 1095 1472 ipsis
1113 1379 1201 1461 iura,
1227 1378 1389 1450 donantes
1408 1380 1486 1448 sine

296 1508 458 1578 ablatione
477 1508 508 1578 in
526 1531 629 1578 cenum
649 1529 755 1589 omne,
774 1511 811 1576 nt
828 1507 952 1576 firmum
972 1513 1006 1576 et
1024 1528 1172 1575 securum
1191 1506 1308 1576 inesse.
1336 1507 1486 1576 Prosens

298 1633 539 1726 chrysobullion
567 1633 686 1703 lactum
713 1655 774 1726 per
792 1634 973 1725 Augustum
998 1655 1139 1703 mensem
1158 1638 1271 1726 quarte
1290 1632 1487 1704 indictionis

299 1783 354 1832 sex
380 1761 537 1831 millesimi
562 1761 833 1852 acescentesimc)
858 1761 1008 1832 XXXllll.
1029 1761 1114 1843 nuni,
1143 1763 1175 1830 in
1195 1784 1259 1855 quo
1280 1769 1313 1832 et
1331 1769 1487 1832 nostmrm

298 1890 386 1984 pium
404 1893 438 1959 et
456 1911 475 1959 a
494 1888 555 1959 deo
576 1894 758 1983 promotum
777 1888 980 1980 subsignanit
1001 1887 1207 1982 lmperinm“.

840 2067 949 2139 XLIV.

303 2212 425 2276 lllcloel
453 2210 690 2294 lrclleplsccpus
722 2209 817 2274 lemni
842 2213 933 2276 donst
956 2211 1136 2275 monasteris
1165 2231 1189 2274 s.
1213 2211 1330 2291 decrgll
1358 2211 1488 2292 majoris

549 2321 709 2384 omimium
725 2339 749 2384 s.
764 2320 856 2384 lllasll
872 2323 960 2384 situm
976 2323 1005 2384 ln
1022 2320 1121 2384 lusulu
1135 2321 1241 2384 lemni.

740 2461 769 2514 Α.
783 2459 808 2513 d.
822 2460 902 2524 1136,
919 2479 952 2516 m.
966 2460 1044 2516 Julio.

394 2587 457 2652 Flo
467 2588 601 2652 minius
614 2585 833 2698 Cornelius,
850 2589 999 2654 ecclesiae
1011 2590 1141 2654 Venetae
1154 2591 1272 2676 antiqua
1283 2595 1490 2662 monumenta,

307 2695 430 2761 decadis
446 2697 485 2761 lll
500 2703 588 2782 parte
604 2699 780 2780 posteriore,
797 2717 867 2784 pag.
885 2697 949 2762 219
967 2719 1032 2784 sqq.

396 2805 441 2870 Ex
457 2808 640 2890 autographo
657 2807 684 2869 iu
701 2808 879 2872 monasterio
902 2828 925 2871 s.
945 2808 1068 2890 Georgii
1086 2809 1215 2910 majoris.

398 2955 533 3028 lllichael
552 2957 622 3028 vilis
641 2957 906 3052 archiepiscopus
925 2959 1114 3029 [lemnensis
1132 2959 1339 3053 praescripsi.

400 3086 558 3173 Quoniam
586 3085 714 3182 quidem
743 3085 836 3157 adest
859 3092 971 3156 nostre
989 3085 1126 3157 ecclesie
1143 3087 1335 3157 sanctissimi
1355 3087 1495 3181 episco-

311 3217 405 3306 patus
432 3213 464 3282 iu
492 3212 594 3282 insula
613 3213 724 3282 Lemni
749 3236 821 3283 cum
846 3213 915 3283 aliis
934 3213 1099 3306 pertinens
1119 3215 1296 3283 oratorium
1314 3213 1496 3298 minimum,

311 3339 477 3411 fundatum
495 3342 528 3410 in
546 3339 674 3410 nomine
694 3365 720 3410 s.
741 3339 856 3424 Blasii,
885 3340 980 3409 situm
998 3339 1030 3408 in
1049 3339 1142 3423 loco,
1166 3341 1220 3434 qui
1239 3341 1498 3434 cognominatur

313 3467 448 3551 Cocini;
477 3473 510 3538 et
537 3491 609 3538 cum
636 3467 807 3539 solicitudo
836 3489 900 3536 non
929 3466 1053 3538 modica
1079 3467 1173 3537 nobis
1192 3469 1324 3540 adesset
1347 3469 1497 3540 invenire

313 3581 472 3690 aliquem,
501 3600 534 3665 et
562 3595 789 3665 commendare
817 3595 846 3664 ei
874 3594 938 3665 hoc
956 3597 988 3664 in
1007 3595 1192 3666 memoriam
1210 3598 1314 3668 nostri
1334 3603 1368 3666 et
1387 3595 1498 3667 omnis

315 3721 568 3794 christianissimi
586 3722 718 3817 populi,
746 3721 864 3816 incepti
885 3729 991 3793 autem
1010 3723 1087 3795 estis
1107 3747 1166 3794 vos
1186 3731 1219 3794 et
1237 3723 1498 3818 pretiosissimus

314 3851 491 3922 monachus
513 3850 553 3920 D.
575 3849 690 3920 Petrus
710 3856 742 3919 et
764 3850 854 3943 prior
873 3853 945 3942 ejus
974 3850 1076 3942 (adde
1094 3851 1266 3944 ecclesie),
1297 3875 1360 3944 que
1384 3859 1438 3922 est
1463 3853 1498 3921 iu

315 4001 432 4071 magna
446 3979 573 4048 civitate
588 3977 690 4047 sancti
704 3981 737 4047 et
754 3977 958 4046 famosissimi
977 3977 1114 4072 apostoli
1134 3977 1234 4048 llarci
1248 3975 1498 4063 Veneticorum‚

316 4105 402 4200 quod
421 4103 569 4198 subjacet
587 4103 629 4188 ei,
648 4103 736 4198 quod
755 4109 806 4175 est
824 4106 856 4174 in
870 4103 1015 4188 Venetia,
1036 4127 1153 4197 magno
1173 4107 1369 4176 monasterio
1390 4107 1499 4178 sancti

316 4233 423 4327 magni
443 4233 592 4325 martyris
612 4233 757 4326 Georgii,
779 4239 811 4303 et
829 4233 974 4303 monachi
996 4241 1029 4302 et
1046 4233 1222 4327 principes,
1243 4233 1297 4326 qui
1316 4233 1499 4305 Venetico-

316 4383 388 4430 rum
405 4361 565 4454 primores
584 4365 680 4443 sunt,
709 4359 981 4454 advenientesque
999 4361 1157 4452 rogastis,
1187 4383 1239 4429 me
1259 4361 1383 4431 donare
1402 4363 1500 4432 vobis

317 4491 350 4555 et
368 4491 476 4556 vestro
497 4487 692 4557 monasterio
712 4487 897 4580 hujusmodi
912 4489 1089 4558 oratorium
1104 4510 1176 4557 cum
1195 4489 1379 4580 pertinente
1401 4489 1500 4559 etiam
