3120 5078
317 379 393 453 274
555 394 744 448 Parmensium
759 394 860 448 henan
874 393 905 450 lll
919 395 977 449 lun.
991 395 1060 449 Vsu.
1075 411 1249 450 concessum.

313 563 345 632 in
362 563 542 658 peccuniali
563 587 679 650 causa,
708 564 856 660 alegate
876 565 1031 650 Venetis,
1057 567 1109 661 qui
1131 573 1211 637 tame
1233 567 1266 636 in
1293 589 1412 660 magna
1433 568 1492 638 erit
1553 611 1554 670 p

313 691 406 774 urhe,
426 691 576 762 iudicium
596 693 665 762 lieri
685 693 818 776 debeat;
838 693 995 764 Venetieo
1014 717 1096 764 uero
1116 699 1230 764 eontra
1245 694 1386 765 Greoum
1405 696 1492 764 sirni-

312 818 386 889 liter
400 825 531 912 agente,
547 819 574 889 si
586 819 725 912 quidem,
746 821 799 912 qui
812 826 890 891 tune
903 820 1002 890 fuerit
1016 819 1228 890 cancellarius
1242 821 1307 904 uie,
1327 821 1359 889 in
1377 843 1491 913 magua

312 945 394 1016 urhe
407 948 502 1016 iuerit
513 946 688 1040 (furerat),
701 948 870 1043 apudeum
881 971 977 1018 causa
989 947 1111 1018 moueri
1122 953 1155 1017 et
1165 947 1297 1018 iudicari
1308 947 1438 1017 debeat.
1459 948 1492 1018 Si

311 1095 391 1146 uero
418 1073 505 1145 sorte
528 1075 649 1169 ipsein
669 1075 1104 1169 magnaurhenonsuerit‚
1131 1079 1207 1144 tunc
1231 1073 1316 1167 apud
1341 1096 1492 1166 magnum

311 1201 517 1294 logeriastam
532 1223 629 1273 cause
643 1202 903 1273 iudicenturt-
911 1202 1057 1296 grauiter
1067 1201 1194 1293 quidem
1203 1201 1374 1294 Imperium
1389 1223 1493 1272 meum

312 1327 409 1399 talem
430 1352 542 1400 eorum
562 1331 688 1424 aceepit
709 1336 742 1400 et
759 1331 966 1424 peticionem,
993 1335 1027 1400 et
1046 1353 1084 1398 ex
1102 1334 1173 1398 toto
1193 1327 1234 1398 aad
1254 1327 1322 1396 eius
1342 1328 1490 1421 comple-

312 1462 452 1526 mentum
479 1480 622 1527 annuere
645 1457 788 1528 uolebat.
819 1455 887 1527 Sed
907 1458 1055 1552 quoniam
1076 1454 1173 1526 multa
1193 1455 1350 1524 instancia
1371 1455 1493 1548 prede-

312 1582 423 1652 elarati
451 1583 550 1676 legati
579 1583 620 1653 ad
645 1583 815 1678 lmperium
839 1605 943 1654 meum
968 1583 1128 1666 lecerunt,
1158 1588 1255 1652 etna
1282 1581 1355 1651 talis
1381 1605 1494 1651 eornm

312 1707 500 1803 deprecatio
521 1733 585 1779 non
607 1709 822 1794 exaudiretur,
845 1711 970 1803 magnis
984 1709 1137 1804 precibus
1154 1707 1438 1802 supplicauerunt,
1461 1714 1495 1778 ut

310 1835 374 1906 hoe
393 1836 466 1907 solo
485 1836 627 1932 capitulo
646 1861 801 1931 seperare
820 1837 985 1907 Venetiam
1005 1859 1023 1906 a
1042 1836 1196 1906 Romania
1216 1833 1358 1918 uniente,
1386 1835 1493 1929 lmpe-

309 1963 392 2033 rium
419 1987 523 2036 meum
550 1987 663 2059 puram
691 1963 788 2034 fidem
813 1971 845 2034 et
872 1963 988 2034 honam
1015 1962 1124 2033 circha
1149 1961 1336 2032 Romaniam
1356 1959 1494 2031 Venetis

310 2089 510 2163 uoluntatem
533 2115 599 2163 non
622 2093 795 2186 ignorans,
822 2092 953 2185 insuper
973 2097 1006 2162 et
1025 2090 1324 2185 predeelaratorum
1342 2089 1494 2182 pruden-

309 2219 507 2289 tissimorum
517 2219 651 2289 Venetis
670 2219 865 2312 legatorum,
887 2218 976 2288 Petri
994 2217 1159 2288 Michaelis
1173 2223 1207 2287 et
1222 2216 1392 2287 Octauiani
1407 2217 1493 2304 Qui·

311 2345 383 2427 riui,
403 2367 519 2440 magne
538 2345 691 2416 instantie
709 2367 748 2416 ae
766 2343 992 2440 supplicationi
1012 2343 1172 2428 inflexum,
1192 2343 1331 2437 precipit
1349 2365 1492 2436 presens

310 2472 537 2566 clmysohulum
556 2473 709 2556 uerbum,
730 2472 818 2567 quod
838 2476 947 2544 Greco
968 2472 1096 2566 quidem
1114 2478 1229 2543 eontra
1249 2470 1442 2541 Veneticum
1461 2473 1493 2539 in

307 2599 512 2693 peccuniaria
531 2623 629 2672 causa
653 2605 790 2694 agente,
815 2601 960 2693 legatus,
985 2599 1037 2693 qui
1064 2623 1123 2692 per
1148 2606 1297 2690 tempora
1316 2597 1347 2666 in
1368 2619 1490 2690 magna

306 2724 388 2796 urhe
409 2728 481 2811 erit,
500 2728 566 2798 tale
584 2725 735 2800 iudicium
748 2733 988 2821 perscrutatum
1008 2734 1042 2798 et
1055 2727 1179 2818 scripto
1202 2725 1329 2818 quidem
1346 2724 1490 2794 demon·

306 2859 408 2924 strato
428 2877 446 2924 a
466 2857 573 2926 Greco
596 2855 755 2926 tauulario
783 2855 967 2947 conposito,
994 2849 1174 2924 certificate
1200 2852 1296 2922 etiam
1314 2851 1355 2921 ah
1376 2849 1490 2943 aliquo

306 2981 445 3052 iudicum
459 2981 523 3051 ueli
537 2987 571 3052 et
589 2981 690 3076 epita
704 2982 897 3076 yppodrorni
907 2972 949 3073 ¹),
976 2980 1028 3051 uel
1048 2981 1236 3051 semiomate
1254 2979 1389 3049 alieuius
1408 3003 1491 3073 pre·

307 3107 465 3178 dictorum
488 3108 642 3192 iudicum,
670 3115 726 3180 aut
751 3113 785 3180 et
810 3109 850 3178 ah
876 3108 981 3202 aliquo
1007 3107 1208 3202 pontificum,
1240 3106 1291 3176 uel
1310 3107 1350 3176 ab
1377 3106 1491 3200 aliquo

304 3235 475 3321 tauulario,
504 3236 557 3307 uel
584 3237 700 3322 iudice,
729 3257 910 3332 perquem
939 3237 1023 3331 apud
1050 3235 1225 3308 Venetieos
1254 3233 1388 3328 dignum
1423 3235 1491 3305 fide

304 3363 472 3448 habeatnr,
493 3365 668 3440 secundum
687 3364 870 3436 huiusmodi
889 3365 1000 3458 scripti
1015 3362 1327 3457 conprehensionem
1342 3361 1490 3433 decisio-

304 3511 376 3562 nem
396 3513 495 3562 cause
515 3491 731 3586 superinduci.
761 3491 816 3562 Sic
835 3491 942 3575 etiam,
964 3491 1051 3584 quod
1071 3513 1131 3585 per
1149 3487 1383 3583 qualecumque
1400 3495 1493 3560 tem-

303 3641 365 3712 pus
390 3639 408 3688 a
434 3619 633 3690 nobilissimo
660 3626 693 3689 et
718 3619 857 3714 lmperio
882 3640 954 3688 meo
983 3617 1168 3688 fidelissimo
1194 3622 1428 3710 protoseuasto
1457 3624 1492 3687 et

303 3743 393 3815 Buce
412 3744 546 3816 Venetis
572 3746 611 3816 acl
634 3767 785 3840 magnam
808 3746 922 3816 urbem
946 3745 1091 3815 mittetur
1117 3745 1264 3837 legatas,
1290 3743 1399 3834 etqui
1425 3745 1490 3814 suh

303 3893 343 3942 eo
372 3869 514 3957 iudices,
551 3873 659 3944 atatim
686 3873 822 3967 postia
851 3895 999 3964 magnam
1026 3872 1140 3942 urbem
1169 3891 1281 3942 eorum
1316 3869 1491 3941 introitum

303 3998 429 4068 ostendi
449 3998 592 4070 debeant
617 4001 662 4084 ei,
689 4000 742 4094 qui
764 4006 845 4071 tune
873 4001 936 4071 erit
958 3999 1013 4069 uie
1031 3997 1258 4079 cancellarius,
1285 4001 1342 4068 aut
1360 3997 1388 4066 si
1414 3997 1492 4090 ipse

301 4129 379 4194 tune
395 4124 607 4196 cancellarius
620 4133 699 4198 tune
713 4125 744 4196 in
761 4125 1041 4222 Constantinopoli
1060 4147 1124 4195 non
1139 4125 1250 4207 fuerit,
1271 4123 1311 4208 ei,
1332 4125 1386 4218 qui
1406 4129 1492 4194 tune

304 4273 625 4288 m

326 4349 354 4425 ¹)
373 4352 392 4406 l.
406 4369 430 4406 e.
451 4352 492 4407 lul
508 4356 555 4406 τοῦ
574 4351 743 4428 ἱπποδρόμου.
766 4353 794 4406 ln
808 4352 884 4408 codd.
898 4353 939 4407 hie
953 4356 1091 4425 corrupte:
1110 4353 1165 4425 epi
1172 4351 1355 4424 tuydnomi.
1377 4353 1415 4407 De
1430 4353 1487 4409 hoc

373 4441 495 4496 tribunali
509 4443 588 4498 adeas
607 4441 814 4514 DuCangiam
833 4443 859 4498 in
873 4443 1007 4499 Constant.
1027 4445 1122 4498 Christ.
1137 4445 1153 4497 l.
1166 4443 1197 4507 ΙΙ,
1215 4459 1240 4511 p.
1256 4442 1315 4508 160,
1334 4443 1377 4499 ed.
1398 4443 1489 4502 Paris.

371 4531 486 4586 Eandem
500 4532 525 4586 in
539 4533 672 4589 Glossario
687 4533 779 4590 Graeco
792 4553 814 4588 s.
827 4554 850 4590 r.
864 4538 951 4607 κριτὴς
964 4539 1010 4587 τοῦ
1029 4532 1123 4606 deleo.
1143 4534 1250 4588 Videtur
1264 4533 1379 4606 dignitas
1397 4535 1430 4590 in
1439 4535 1489 4590 tli-

370 4624 419 4677 cis
439 4623 504 4678 reli
524 4627 552 4678 et
572 4625 784 4698 hippodromi
804 4643 853 4697 pro
867 4624 1018 4681 condicione
1031 4625 1082 4680 loci
1095 4625 1177 4680 luisse
1191 4623 1336 4681 coniuncta.
